2023 3093
285 173 345 202 390

550 274 563 288 e
582 267 633 290 cod.
656 267 782 290 vaticano.

284 316 384 341 diebus
410 315 462 341 fuit
488 316 514 341 in
535 315 630 341 Africa
652 315 786 342 Arrianus
811 318 919 351 quidem
946 319 1055 344 nomine

283 359 430 391 ‹›1i1111›i11s;
454 359 499 391 qui
520 366 580 383 cum
601 366 629 383 se
650 359 676 384 in
690 359 790 385 balneo
805 360 919 388 lavaret.
942 361 1053 393 indigna

283 401 419 433 quaedam
438 404 465 426 ct
483 401 653 433 blasphemia
670 401 752 427 verba
768 402 875 428 diceret
889 403 924 428 de
941 408 1054 429 sauctae

285 444 416 468 trinitatis
436 443 490 468 tide
512 448 651 469 evomeret
671 452 702 469 ac
723 445 839 475 diceret,
865 446 958 472 subito
978 447 1054 473 vonit

283 486 392 516 gladius
412 486 500 516 ignito
520 486 554 511 de
574 487 659 515 caelo,
683 487 728 520 qui
744 488 895 514 visibiliter
908 496 967 514 eum
983 497 1055 513 com-

284 529 366 553 busit.
406 528 504 553 iterum
536 528 587 554 fuit
608 529 720 562 quidam
745 529 880 556 Arrianus
907 532 1054 564 episeopus

283 571 391 596 nomine
412 571 532 598 Barbas.
561 572 606 604 qui
634 572 698 597 dum
719 576 815 598 contra
839 574 962 605 regulam
988 574 1053 600 fidoi

283 613 395 639 dicebat
414 613 517 638 minore
545 613 629 639 tilium
656 615 742 647 patris
767 615 904 649 simulque
928 620 956 642 et
975 617 1054 649 spiri-

283 660 339 681 tum
360 660 484 681 sanctum
505 660 532 682 et
553 664 613 681 cum
628 657 746 690 (paulam
761 658 807 683 die
821 659 946 685 venisset
966 660 1055 692 bapti-

283 706 346 724 zare
366 702 394 724 vt
414 699 546 724 dixisset*
570 699 682 731 baptizo
702 703 738 729 tc,
760 700 876 731 Barbas,
899 702 925 727 in
944 703 1054 728 nomine

283 742 370 774 patris
394 746 421 767 et
447 741 495 767 tilii
523 742 549 766 in
571 742 696 774 spiritum
717 748 824 773 sancto,
852 745 945 770 statim
971 754 1051 778 aqua,

283 792 352 817 quae
367 785 403 810 ad
414 784 612 817 baptizandum
624 785 708 810 allata
721 784 821 817 fuerat,
838 794 971 820 nusquam
984 796 1056 813 com-

283 827 388 860 paruit;
411 835 464 859 quo
479 827 618 859 aspiciens
638 828 683 861 qui
701 828 887 860 baptizandus
901 833 969 859 erat,
991 840 1056 856 con-

284 869 376 895 festim
404 870 439 895 ad
468 870 615 895 ecclesiam
644 870 810 896 catholicam
840 871 949 904 fugiens
977 873 1052 899 iuxta

284 921 359 937 more
380 912 445 938 tidei
465 912 632 945 baptismum
652 912 755 938 Christi
775 915 909 947 suscepit.

353 955 544 981 Theodericus
558 964 624 981 vero
639 956 702 981 dum
720 964 769 989 per
788 956 861 982 idem
882 960 990 990 tempus
1008 967 1057 991 pa-

283 997 361 1023 citice
375 998 448 1029 apud
463 998 571 1023 Italiam
586 1002 722 1029 regnaret,
745 1007 793 1031 per
807 1000 916 1031 singula.
929 1008 1055 1034 (piaeque

284 1040 436 1065 celebriora
458 1041 615 1066 construxit
636 1041 696 1066 loca
716 1042 791 1073 regia
811 1042 864 1067 sibi
885 1043 1035 1069 abitacula⁴

352 1083 518 1108 Anastasius
538 1083 633 1116 itaque
653 1084 717 1109 dum
738 1084 764 1109 in
785 1084 894 1110 hereflu
920 1085 1053 1115 dici-esem

284 1126 318 1149 ιιι’-1
343 1129 544 1158 perseveraret.
562 1133 641 1158 quam
657 1131 778 1158 ceperat.
798 1128 923 1161 duasque
940 1129 966 1154 in
980 1129 1058 1155 Chri-

283 1173 326 1193 sto
341 1172 464 1195 naturas.
481 1168 595 1193 deitatis
610 1169 743 1195 videlicet
756 1173 784 1195 et
797 1170 986 1201 humanitatis,
1004 1172 1057 1197 Eu-

284 1211 385 1237 thicius
407 1211 563 1236 heresiarce
584 1219 702 1244 sequens
725 1212 885 1244 denegaret,
908 1214 1056 1241 Hormisda

284 1262 364 1286 papa,
381 1254 427 1287 qui
441 1253 570 1279 Simacho
583 1258 766 1282 successerat,
783 1256 886 1281 direxit
899 1256 1054 1283 Ennodimn

284 1296 470 1322 'l'iciniensem
499 1297 660 1329 episcopum
688 1297 814 1331 alhjsque
843 1306 902 1324 cum
928 1307 960 1325 eo
986 1301 1056 1326 (jon-

284 1339 493 1372 stantinopolim
520 1339 627 1371 legatos
649 1347 709 1364 cum
731 1340 885 1367 catholicae
905 1342 970 1368 fidei
990 1343 1057 1368 scri-

284 1385 341 1414 pto.
369 1386 505 1414 quatenus
525 1379 704 1407 Anastasium
725 1383 760 1408 ad
781 1384 916 1409 ecelesiae
941 1386 1056 1411 reduce-

283 1428 344 1449 rent
369 1427 408 1448 'cr
428 1425 575 1450 reduceret
595 1425 637 1454 ἰὼ
660 1426 803 1457 gremium.
840 1427 863 1452 is
890 1436 943 1453 non
967 1429 1054 1453 solum

284 1467 405 1492 salubria
420 1475 514 1492 eorum
527 1467 631 1492 monita
645 1469 760 1500 sprevit.
781 1469 830 1494 sed
844 1470 957 1502 insuper
971 1471 1054 1496 etiam

284 1518 299 1535 a
325 1510 382 1534 suis
414 1510 610 1543 conspectibus
642 1518 695 1535 non
727 1511 786 1537 sinc-
817 1513 984 1538 contumelia
1009 1522 1055 1539 ex-

284 1552 354 1585 pulit
374 1552 492 1585 navique
513 1551 605 1584 fragili
620 1553 694 1579 idest
707 1557 802 1579 vetere
815 1554 967 1587 inpossitos
981 1565 1055 1581 man—

284 1595 341 1623 dat,
363 1602 396 1620 ne
417 1595 523 1627 uspiam
544 1596 672 1628 quempia
691 1604 740 1628 per
759 1600 845 1622 totam
859 1598 1004 1623 Graeciam
1018 1600 1054 1625 ad

283 1637 404 1671 aliquam
415 1637 559 1663 civitatum
573 1638 751 1670 accederent3
775 1648 855 1673 quam
869 1641 928 1665 eius
943 1640 1053 1673 impiam

283 1680 441 1706 temeritate
464 1680 558 1706 divina.
577 1681 707 1706 continuo
733 1682 803 1708 ultio
823 1683 973 1709 subsecuta
994 1687 1049 1715 θείς

283 1730 344 1747 nam
371 1731 430 1747 cnm
456 1722 509 1748 iam
535 1723 681 1755 septimum
708 1728 736 1750 et
759 1725 920 1751 vicesimum
946 1726 1053 1759 imperii

283 1773 383 1790 annum
397 1769 502 1798 ageret,
519 1765 631 1791 suminis
648 1765 779 1793 (fulminis
794 1767 835 1794 111²,
853 1776 1001 1801 percussus
1015 1769 1054 1795 in-

286 1808 371 1833 tcriit.

352 1850 434 1875 Anno
457 1851 493 1876 ab
521 1851 711 1877 incarnatione
737 1853 839 1878 domini
866 1861 885 1878 D
905 1860 980 1879 xvnl
1006 1863 1054 1887 pu-

283 1893 342 1919 nito
362 1893 512 1919 Anastasio
538 1894 678 1919 haeretico
704 1895 873 1922 Iustinianus
899 1897 1053 1923 catholicus

284 1936 392 1968 accepit
412 1937 565 1968 imperium.
605 1937 659 1962 aud
684 1937 753 1963 hanc
775 1939 811 1963 ol»
831 1946 941 1965 causam
962 1940 1054 1965 redin-

284 1979 434 2011 tegrandae
454 1979 518 2004 fidei
538 1979 636 2005 beatus
650 1980 797 2006 Hormisda
815 1982 917 2007 direxit
936 1983 972 2008 ad
992 1990 1052 2008 eum

283 2021 324 2046 vir
353 2021 502 2047 sanctitate
534 2022 699 2054 praecipuus
724 2022 878 2049 Germanus
904 2025 1052 2057 Capuanae

284 2063 359 2089 urbis
380 2063 536 2096 episcopus,
565 2072 645 2097 quem
666 2065 836 2091 lastinianus
854 2067 986 2095 lustinus
1007 2069 1048 2092 1212*

283 2106 366 2136 digne
387 2107 524 2139 suscepit3
550 2107 623 2132 idem
643 2108 796 2133 Gernnmus
817 2110 964 2142 episcopus
983 2111 1052 2136 mul—

283 2153 335 2179 tos,
357 2149 403 2181 qui
423 2149 450 2174 in
465 2149 599 2175 haeresim
614 2150 753 2176 ceciderat
771 2152 937 2180 {ceciderant
951 2154 993 2183 1112)
1017 2155 1051 2180 ad

284 2191 365 2216 tidem
385 2194 488 2216 rectam
508 2192 660 2217 revocavit.

352 2234 391 2258 Eo
415 2236 538 2266 tempore
564 2235 637 2266 apud
658 2234 781 2261 Africam
807 2239 913 2261 mortuo
934 2238 1052 2264 Transa—

283 2276 383 2301 numdo
409 2275 528 2302 Arriano
560 2285 624 2307 reg-<e
657 2278 863 2304 duandalormn
894 2279 1052 2307 IIildericus

283 2319 342 2344 eius
362 2319 444 2346 tilius.
467 2320 511 2352 qui
533 2323 614 2345 natus
634 2319 724 2345 fuerat
739 2321 773 2346 de
788 2321 842 2347 filia
861 2322 1050 2350 Valentiniani

283 2362 425 2394 principis.
447 2362 492 2395 qui
509 2362 647 2395 captivam
657 2357 720 2388 'eam
734 2363 891 2390 adduxerat
904 2365 938 2391 de
952 2365 1050 2397 Roma,

283 2412 395 2437 regnum
413 2404 621 2430 Guandalorum
646 2406 763 2438 accepit.
802 2407 848 2439 qui
868 2415 922 2433 non
945 2412 1050 2441 patrem

287 2587 397 2609 lali‘rira
432 2586 441 2617 ΙΙ
478 2591 490 2610 2

321 2634 346 2651 ts
375 2629 540 2661 praeparauit]
566 2631 655 2652 fecerat
690 2629 699 2662 Ι]
738 2635 765 2653 1⁴.»
791 2631 902 2654 heresem
937 2631 946 2664 Η

516 2588 683 2617 blasphemiae
717 2587 726 2619 ΙΙ

318 2677 343 2695 21
374 2681 386 2695 a
406 2680 448 2694 suo
484 2671 492 2704 ΙΙ
530 2678 558 2696 ’.Νῑ
584 2674 709 2702 imponere
734 2675 759 2696 in
786 2675 841 2696 naui
868 2676 947 2697 ueteri
982 2673 991 2707 ΙΙ

318 2716 439 2745 percussit
474 2714 483 2746 ΙΙ
521 2722 549 2738 :io
571 2723 703 2745 percussus
723 2719 833 2739 mortuus
852 2721 890 2739 est
925 2716 934 2749 ΙΙ

319 2763 346 2779 ;ι.ἰ
375 2758 482 2780 justinus·
517 2756 526 2789 ΙΙ
564 2764 591 2780 :is

453 2805 475 2823 Η
501 2802 541 2829 qni
578 2799 587 2831 ll

620 2759 717 2781 uocauit
760 2757 769 2790 ΙΙ

317 2807 369 2822 rum
405 2798 414 2830 Η
630 2806 652 2824 lit
674 2802 780 2823 affricam

764 2593 775 2611 5,
802 2589 913 2611 arrianus
936 2590 1066 2620 episcopus
1100 2589 1110 2622 ΙΙ
1147 2596 1158 2612 ις
1184 2591 1280 2612 dicebat
1304 2590 1384 2612 lilium
1410 2591 1528 2615 minorem
1552 2594 1621 2621 patre
1656 2591 1665 2623 ΙΙ

984 2637 1009 2656 zl
1039 2634 1173 2656 simarhum
1209 2632 1218 2664 ΙΙ

992 173 1194 200 AI'PENDIX.

1370 276 1383 292 e
1403 270 1459 293 eod.
1481 270 1666 299 Bambergensi.

1136 318 1234 344 Africa
1259 318 1394 345 Arrianus
1419 320 1532 352 quidam
1557 320 1666 345 nomine
1690 320 1828 353 Olimpus,
1858 321 1904 353 qui

1134 369 1195 386 cum
1218 369 1248 387 se
1274 362 1301 386 in
1325 362 1425 387 balneo
1451 362 1558 388 lavaret
1583 366 1611 388 et
1635 362 1722 388 verba
1741 361 1904 388 blasfemiae

1133 404 1239 430 diceret
1265 405 1300 430 de
1326 404 1381 430 tide
1407 409 1521 430 sanctae
1545 405 1688 433 trinitatis.
1716 405 1809 430 subito
1828 406 1904 431 venit

1132 447 1243 477 gladius
1264 447 1362 478 igneus
1381 447 1416 472 de
1436 448 1524 477 caelo,
1546 448 1591 481 qui
1606 448 1757 473 visibiliter
1770 455 1831 473 eum
1844 456 1905 481 per-

1132 490 1230 515 cussit.

1132 531 1249 560 Barbas,
1277 532 1323 564 qui
1350 532 1464 558 dicebat
1489 533 1620 558 minorem
1647 540 1708 558 esse
1727 532 1812 558 filium
1832 534 1903 566 patri

1132 574 1268 607 simulque
1294 577 1322 599 et
1347 575 1473 607 spiritum
1501 578 1626 601 sanctum
1651 578 1679 601 et
1704 583 1764 601 cum
1785 576 1904 609 quadam

1132 616 1178 641 die
1205 616 1329 642 venisset
1354 616 1498 649 baptizare
1523 622 1550 643 et
1576 618 1709 643 dixisset:
1739 618 1851 652 baptizo
1878 622 1904 644 te

1133 666 1195 690 ego,
1216 658 1333 687 Barbas,
1355 659 1382 684 in
1401 660 1511 685 nomine
1530 661 1617 693 patris
1637 668 1686 693 per
1705 660 1790 686 tilium
1811 661 1837 687 in
1851 662 1906 695 spi-

1131 701 1214 726 ritmn
1229 704 1364 731 sanctum,
1386 702 1479 727 subito
1493 710 1573 736 aqua,
1596 703 1643 728 ubi
1658 703 1800 736 baptizare
1820 704 1906 730 debe-

1133 743 1190 773 bat,
1212 751 1347 776 nusquam
1362 745 1530 777 comparuit;
1554 745 1600 771 ille
1620 749 1712 771 autem
1732 747 1778 779 qui
1799 746 1905 780 baptis-

1133 794 1215 812 mum.
1239 787 1367 818 accipere
1381 787 1503 817 volebat,
1526 788 1647 813 videndo
1661 791 1716 813 tam
1729 797 1828 815 novam
1842 797 1907 815 cau-

1133 837 1191 854 sam
1220 829 1314 854 subito
1342 830 1413 855 abiit
1441 830 1476 855 ad
1505 830 1671 855 catholicam
1700 831 1847 857 ecclesiam
1878 835 1907 858 et

1134 872 1284 897 secundum
1305 873 1536 898 consuetudinem
1553 875 1646 898 rectae
1660 872 1724 899 fidoi
1739 874 1906 907 baptismum

1135 914 1239 939 Christi
1259 915 1392 947 suscepit.

1203 956 1396 983 Theodericus
1422 965 1488 983 vero
1516 956 1587 983 infra
1614 958 1668 983 ista
1694 962 1819 992 tempora
1843 960 1907 985 (lum

1134 999 1161 1024 in
1186 1007 1254 1032 pace
1274 999 1301 1024 in
1321 1000 1403 1025 Italia
1423 1004 1560 1032 regnaret,
1590 1010 1639 1034 per
1658 1001 1764 1033 singula
1788 1002 1847 1028 loca
1867 1011 1910 1029 re-

1133 1042 1208 1075 galia
1228 1042 1281 1067 sibi
1303 1042 1465 1068 habitacula
1484 1044 1671 1076 praeparavit.

1203 1084 1371 1110 Anastasius
1392 1085 1486 1118 itaque
1506 1086 1657 1119 imperator
1677 1087 1742 1112 dum
1762 1088 1789 1113 in
1810 1088 1907 1114 herese

1134 1131 1318 1160 permaneret,
1331 1134 1412 1160 quam
1423 1132 1544 1160 ceperat,
1556 1132 1620 1154 tunc
1628 1129 1756 1155 Ormisda
1768 1138 1849 1163 papa,
1862 1132 1907 1165 qui
1929 1139 1933 1143 ⁴

1134 1174 1198 1203 post
1210 1169 1394 1196 simmachum
1405 1170 1550 1196 ordinatus
1562 1170 1664 1199 fuerat,
1681 1173 1834 1199 transmisit
1845 1175 1909 1200 mis-

1135 1221 1181 1238 sos
1192 1220 1258 1239 suos
1268 1212 1548 1245 Constantinopolim,
1563 1217 1594 1239 ut
1604 1215 1778 1247 praedictum
1793 1216 1909 1250 impera-

1134 1259 1221 1282 torem
1236 1255 1272 1280 ad
1286 1255 1410 1287 regulam
1423 1255 1577 1282 catholicae
1589 1256 1654 1282 fidei
1666 1262 1838 1284 revocarent.
1860 1260 1907 1285 ille

1134 1305 1200 1324 vero
1221 1298 1351 1331 despexit
1371 1298 1475 1324 monita
1495 1306 1588 1324 eorum
1607 1303 1635 1326 et
1655 1308 1704 1326 suo
1728 1301 1770 1329 (de
1791 1309 1841 1327 suo
1860 1302 1903 1332 7112.

1135 1344 1286 1374 conspectu
1306 1348 1367 1366 cum
1387 1340 1488 1366 iniuria
1508 1342 1591 1368 eiecit
1610 1343 1722 1376 insuper
1742 1343 1824 1369 etiam
1839 1343 1906 1371 fecit

1134 1384 1198 1409 illos
1220 1390 1322 1416 ponere
1342 1383 1370 1408 in
1388 1383 1482 1409 navim
1502 1388 1625 1410 veterem
1645 1389 1672 1412 et
1692 1387 1851 1420 praecepit,
1878 1392 1908 1414 ut

1135 1427 1161 1452 in
1189 1426 1292 1451 nullam
1322 1426 1466 1452 civitatem
1493 1428 1567 1460 apud
1592 1428 1736 1454 Graeciam
1761 1430 1906 1457 intrarent.

1135 1478 1187 1494 non
1213 1473 1277 1502 post
1301 1469 1418 1494 multum
1443 1472 1552 1502 tempus
1579 1471 1672 1496 divina
1697 1471 1820 1498 vindicta
1848 1481 1909 1507 per-

1134 1512 1222 1537 cussit
1252 1514 1294 1541 fea*
1313 1512 1452 1545 percussis
1473 1512 1512 1542 m¹4
1545 1520 1622 1543 eum,
1652 1522 1713 1539 uam
1743 1523 1759 1539 a.
1784 1516 1907 1541 tonitruo

1134 1563 1283 1588 percussus
1303 1555 1389 1581 vitam
1409 1554 1509 1580 finivit.

1201 1852 1282 1879 Anno
1304 1854 1338 1879 ab
1355 1854 1549 1880 incarnxwione
1563 1856 1667 1882 domini
1681 1857 1904 1890 quingentesimo

1132 1901 1233 1922 octavo
1253 1897 1360 1921 decimo
1381 1897 1552 1923 Iustinianus
1574 1898 1707 1929 (Iustinus
1724 1900 1767 1930 „123
1788 1901 1905 1927 catholi—

1132 1947 1181 1964 cus
1207 1939 1316 1972 accepit
1341 1939 1493 1972 imperium.
1533 1944 1598 1966 tune
1618 1941 1746 1968 Ormisda-
1770 1951 1839 1977 papa
1863 1944 1905 1970 (li-

1132 1982 1204 2007 rexit
1230 1981 1264 2006 ad
1291 1981 1368 2007 illum
1394 1981 1559 2008 Germanum
1586 1992 1664 2010 suum
1691 1986 1762 2015 (delet
1782 1986 1823 2013 711²>
1852 1986 1904 2012 Ca-

1131 2031 1238 2057 pnanae
1268 2024 1392 2049 civitatis
1419 2025 1595 2058 episcopum,
1626 2035 1705 2060 quem
1732 2028 1902 2055 Iustinianus

1134 2067 1266 2097 (Iustinus
1285 2067 1329 2090 m?
1360 2075 1421 2092 cum
1451 2067 1553 2094 honore
1582 2070 1696 2103 recepit.
1735 2071 1808 2096 idem
1836 2079 1902 2097 vero

1131 2109 1283 2135 Germanus
1311 2110 1459 2143 episcopus
1488 2111 1604 2141 multos,
1635 2113 1680 2145 qui
1711 2113 1737 2138 in
1765 2113 1901 2140 haeresim

1131 2152 1302 2181 ceciderant,
1324 2152 1358 2177 ad
1380 2152 1461 2178 fidem
1482 2158 1583 2179 rectam
1604 2156 1756 2181 revocavit.

1198 2238 1239 2263 Eo
1269 2241 1392 2270 tempore
1419 2242 1527 2264 mortuo
1553 2240 1626 2272 apud
1650 2240 1775 2267 Africam
1801 2242 1901 2268 Trasa-

1132 2280 1233 2306 mundo
1254 2281 1413 2306 Ilildericus
1438 2280 1511 2306 tilius
1535 2282 1594 2307 cius
1614 2283 1820 2310 Guamlalorum
1840 2292 1901 2318 reg-

1131 2331 1193 2348 num
1218 2324 1340 2356 accepit,
1368 2324 1432 2356 quia
1457 2322 1548 2350 fuerat
1566 2328 1649 2351 natus
1669 2327 1703 2351 de
1723 2326 1779 2352 filia,
1798 2327 1901 2354 Valen-

1129 2366 1227 2391 tiniani
1253 2366 1387 2399 principis
1412 2370 1439 2392 ct
1464 2370 1625 2400 portaverat
1648 2376 1707 2394 eam
1732 2369 1899 2396 Gensericus

1129 2409 1267 2441 captivam
1288 2409 1322 2434 de
1340 2409 1425 2434 Roma
1446 2409 1472 2434 in
1486 2408 1620 2436 Africam.
1652 2412 1813 2444 praedictus
1833 2420 1899 2438 vero

1702 2598 1713 2614 a
1739 2600 1782 2621 ego
1806 2599 1853 2616 om.
1890 2591 1900 2624 ΙΙ

1256 2638 1284 2656 22
1311 2633 1335 2655 in
1362 2635 1594 2664 constantinopolim
1629 2633 1638 2666 Η
1675 2639 1704 2657 23
1731 2638 1855 2657 reuocaret
1889 2633 1899 2667 Η

1029 2680 1055 2699 27
1084 2677 1113 2698 de.
1138 2677 1232 2704 graecia
1267 2674 1276 2707 Η
1313 2681 1341 2699 :es
1369 2680 1423 2706 post
1441 2684 1489 2699 non
1510 2684 1567 2700 uero
1601 2675 1611 2709 Η
1645 2678 1762 2707 temporis
1797 2675 1806 2709 ΙΙ
1841 2685 1897 2701 eum

971 2722 996 2741 :tl
1020 2719 1187 2741 incarnatione
1222 2717 1231 2750 Η
1267 2726 1393 2741 ceeexvm
1429 2717 1438 2751 ΙΙ

1475 2724 1504 2743 32
1524 2721 1634 2743 iustinus
1669 2718 1678 2752 ΙΙ
1715 2724 1743 2743 3-1
1764 2727 1854 2749 capuae
1889 2719 1899 2752 Η

807 2765 834 2781 ῑιει
861 2761 968 2783 affricam
1005 2759 1014 2792 ΙΙ
1050 2762 1224 2784 transemundo
1268 2759 1277 2793 ΙΙ
1322 2766 1351 2784 »Νι
1379 2762 1496 2785 ildericus
1531 2761 1541 2794 Η
1576 2763 1629 2785 eius
1648 2770 1695 2785 om.
1733 2761 1743 2793 Η
1779 2763 1897 2786 uandalo-

1281 490 1380 515 iterum
1409 489 1463 515 suit
1490 491 1602 523 quidam
1630 489 1766 516 Arrianus
1795 491 1903 516 nomine
1925 496 1933 512 ἰ

1928 708 1954 727 10

1930 922 1957 941 15

1926 1349 1955 1369 25

1928 1564 1956 1582 :to

1923 2034 1952 2052 ³5

1920 2289 1949 2309 40
