2023 3093
159 548 262 578 xx'lll

289 149 347 177 222
968 145 1121 171 mvnvs
1162 146 1236 172 xx'l.

286 241 481 279 etint'ugiunt.
531 240 657 280 witigis
688 244 721 271 ut
743 240 820 270 talia
852 240 1012 280 comperit.
1047 250 1118 270 mox
1148 240 1302 271 adversus
1326 241 1515 272 Belisarium
1540 242 1671 272 Romam
1695 252 1764 272 eum
1790 241 1910 281 ingenti

286 292 425 323 exercitu
458 292 553 322 venit.
605 291 777 322 Belisarius
808 301 870 321 non
901 295 1007 331 aptum
1039 291 1099 321 sibi
1130 292 1270 323 bellandi
1302 296 1426 333 tenipus
1457 293 1615 323 coniciens
1646 293 1725 324 intra
1757 293 1844 323 urbis
1875 302 1908 323 se

287 343 408 374 moenia
435 343 548 373 clausit
579 352 712 381 eamque
744 342 970 373 munitionibus
1001 342 1251 383 ciremusaepsit.
1301 343 1396 374 Gothi
1420 345 1528 375 urbem
1553 343 1735 375 obsidentes
1760 343 1907 374 universa

287 405 342 435 per
365 394 528 424 circuitum
553 393 783 433 direptionibus
806 397 837 424 et
859 393 1015 424 incendiis
1039 394 1228 429 absumunt,
1262 404 1476 435 ‹nwseumque
1499 396 1711 426 Romanorum
1734 395 1905 435 reperiunt.

284 439 394 485 >gladio
424 445 605 484 extingunt:
645 448 757 475 cuncta
788 454 879 475 saera
910 445 979 475 loca
1010 444 1209 475 denudantes
1239 445 1317 485 ipsis
1348 446 1442 476 etiam
1475 446 1704 477 venerabilium
1734 449 1908 486 martyrum

285 496 414 527 tumulis
439 506 551 526 manus
575 496 689 536 impias
714 496 861 526 inferunt.
915 496 1061 527 (ontiuue
1093 497 1200 526 urbem
1226 496 1404 537 inpugnant
1427 497 1483 528 sed
1508 502 1599 528 cauta
1625 497 1772 528 Belisarii
1796 496 1908 528 defen-

288 552 375 578 satur
398 547 562 578 industria.
604 551 729 587 praeter
751 547 829 578 belli
851 547 1034 578 instantiam
1059 548 1237 586 angebatur
1259 547 1390 588 insuper
1406 548 1503 579 Roma
1525 549 1619 579 famis
1643 548 1793 589 penuria:
1820 551 1907 579 tanta

286 598 441 638 siquidem
473 609 529 638 per
559 598 740 629 universum
772 598 923 629 mundum
956 610 992 629 eo
1023 609 1105 628 anno
1128 598 1266 629 maxime
1289 598 1375 639 apud
1400 599 1561 639 Liguriam
1586 600 1686 630 fames
1710 604 1904 630 excreverat.

286 654 327 681 ut.
356 650 436 680 sieut
459 650 507 680 vir
529 649 750 680 sanctissimus
774 649 887 680 Datius
910 649 1160 680 Mediolanensis
1183 649 1316 680 antistes
1340 650 1457 689 retulit,
1492 651 1662 691 pleraeque
1686 654 1803 681 matres
1826 650 1909 681 int'c-

284 701 390 731 licium
422 705 565 732 natorum
597 701 736 731 membra
770 700 983 731 comederent.
1033 710 1165 740 cumque
1190 710 1246 740 pel·
1276 710 1393 731 aunum
1418 701 1514 732 Gothi
1538 702 1669 732 Romam
1693 701 1903 733 obsedissent.

285 752 411 783 demmn
443 752 543 783 territi
567 752 751 783 Ravennam
783 752 917 783 rediere.
967 751 1140 782 Belisarius
1172 761 1244 782 vero
1275 752 1478 792 proficiscens
1501 752 1669 793 Neapolim
1700 762 1843 792 eamque7
1875 756 1908 783 ut

285 804 500 844 competebat.
535 803 710 834 ordinatam
742 803 925 842 relinquens
957 803 1088 833 Romam
1120 812 1285 842 regressus
1316 806 1374 834 est.
1431 803 1600 843 statimque
1631 804 1661 834 ei
1692 814 1711 834 a
1741 803 1907 834 Theodora

286 854 428 893 Augusta
460 854 641 894 praeceptio
672 854 769 884 allata
802 857 864 884 est.
903 856 937 884 ut
966 863 1082 893 papam
1107 853 1276 884 Silveriunl
1308 854 1484 885 convictum
1519 855 1720 886 accusatione
1755 854 1907 886 falsorum

284 905 409 936 testium
448 905 481 935 in
519 905 649 935 exilium
694 904 835 935 truderet
873 914 909 935 eo
947 904 1031 944 quod
1068 904 1250 935 Anthimum
1290 905 1484 936 haereticum
1524 906 1908 947 Constantinopolimnum

285 957 466 997 episcopum
502 966 689 996 recuperare
724 956 888 986 noluisset.
937 955 1020 995 quod
1049 956 1224 987 Belisarius
1255 956 1329 987 lieet
1358 957 1470 988 nolens
1500 957 1579 988 nihil
1614 961 1754 989 moratus
1789 957 1904 988 effecit.

286 1008 394 1047 pulsus
428 1007 565 1047 denique
599 1017 682 1047 papa
711 1006 866 1038 Silverius
900 1006 941 1037 ad
973 1007 1116 1038 Pontiam
1151 1007 1288 1038 insulam
1320 1011 1383 1047 est,
1421 1008 1453 1039 in
1477 1008 1550 1049 :qua
1584 1012 1615 1040 et
1648 1009 1782 1040 exulans
1817 1008 1903 1039 obiit.

422 1143 620 1169 munitionibus
640 1143 683 1169 vel
705 1142 820 1168 fabricis
839 1151 977 1168 murorum
997 1147 1025 1169 et
1045 1144 1221 1177 reparatione
1242 1142 1341 1170 fossati
1356 1144 1541 1171 circumdedit
1555 1145 1699 1171 civitatem
1714 1146 1866 1171 Romanam
1880 1149 1907 1171 et

422 1187 549 1217 munivit;
573 1190 656 1211 noctu
677 1186 744 1219 ipsa.
767 1194 820 1219 qua
840 1186 967 1211 introivit
981 1185 1129 1212 Vilisarius
1148 1187 1291 1219 patricius,
1313 1187 1406 1215 Gothi,
1429 1188 1474 1221 qui
1495 1191 1573 1213 erant
1592 1188 1619 1213 in
1639 1188 1755 1214 civitate
1776 1188 1819 1213 vel
1840 1187 1908 1213 foris

421 1237 521 1258 muros,
544 1228 674 1261 fugerunt
695 1231 723 1254 et
739 1236 834 1254 omnes
848 1232 944 1262 portas
958 1232 1069 1262 apertas
1084 1230 1249 1255 dimiserunt
1262 1232 1290 1255 et
1303 1228 1435 1262 fugerunt
1449 1230 1619 1256 Ravennam.
1653 1234 1681 1257 et
1700 1234 1762 1264 post
1782 1231 1834 1256 hoe
1854 1231 1910 1256 col-

423 1273 512 1303 ligens
532 1272 661 1304 Guitiges
681 1279 728 1297 rex
748 1272 955 1298 multitudinem
976 1272 1116 1298 exereitus
1136 1272 1288 1298 Gothorum
1307 1272 1457 1305 'regressus
1476 1277 1519 1299 est
1539 1275 1634 1299 contra
1654 1274 1769 1299 Romam
1791 1294 1795 1299 .
1820 1293 1824 1298 .
1849 1294 1853 1298 .
1881 1278 1909 1299 et

422 1315 482 1341 tixit
506 1318 598 1340 castra
623 1315 659 1340 ad
685 1317 797 1347 pontem
817 1315 949 1341 Mulvium
969 1318 997 1341 et
1016 1318 1168 1348 coeperunt
1187 1316 1317 1342 obsidere
1338 1317 1481 1342 civitatem
1500 1316 1661 1347 Romanam,
1690 1319 1754 1342 tunc
1775 1317 1909 1350 patricius

422 1358 569 1383 Vilisarius
585 1377 589 1381 .
608 1378 612 1382 ,
630 1377 634 1381 .
658 1357 771 1383 inclusit
791 1365 820 1383 se
833 1358 938 1383 Romae
959 1358 1030 1384 intra
1050 1359 1193 1384 civitatem
1213 1362 1241 1384 et
1260 1359 1415 1384 custodivit
1431 1359 1584 1385 civitatem.
1624 1363 1671 1383 99:
1691 1359 1734 1385 his
1748 1359 1848 1385 diebus
1862 1360 1911 1384 ob-

422 1408 498 1426 sessa
519 1403 562 1426 est
581 1400 682 1426 civitas
704 1420 708 1424 .
726 1420 731 1424 .
749 1420 753 1424 .
776 1404 841 1426 tunc
861 1408 956 1426 omnes
976 1401 1168 1434 possessiones
1187 1402 1313 1434 privatae
1334 1402 1378 1427 vel
1399 1401 1458 1427 fisci
1477 1402 1522 1428 vel
1542 1402 1679 1428 eeclesiae
1698 1402 1827 1428 incendio
1847 1410 1911 1428 con-

422 1446 548 1476 sumptae
569 1447 640 1469 sunt.
663 1443 788 1468 homines
808 1451 874 1469 vero
894 1444 989 1476 gladio
1008 1444 1167 1477 interempti
1188 1447 1251 1470 sunt
1267 1463 1274 1470 .
1291 1464 1296 1469 .
1315 1464 1319 1469 .
1341 1452 1403 1470 nam
1424 1444 1560 1470 ecclesiae
1579 1448 1607 1470 et
1621 1452 1737 1478 corpora
1751 1448 1909 1471 sanctorum

421 1489 573 1519 martyrum
594 1486 794 1511 exterminatae
814 1490 877 1511 sunt
897 1494 913 1511 a
932 1486 1032 1513 Gothis
1052 1506 1058 1511 .
1082 1507 1087 1512 .
1111 1507 1115 1511 .
1143 1495 1252 1520 pugnae
1271 1490 1364 1513 autem
1384 1488 1520 1513 maximae
1539 1490 1619 1513 erant
1637 1490 1735 1513 contra
1754 1488 1907 1513 civitatem.

422 1529 464 1554 liis
490 1529 590 1554 diebus
610 1528 759 1554 Vilisarius
785 1529 919 1562 patricius
945 1530 1094 1562 pugnando
1121 1530 1224 1563 contra}
1243 1538 1336 1563 regem
1356 1530 1497 1563 Guitigem
1516 1530 1561 1556 vel
1580 1530 1787 1556 multitudinem
1806 1530 1912 1556 Gotho-

423 1579 480 1596 rum
501 1572 623 1603 protexit
643 1571 782 1597 Romanos
803 1572 847 1597 vel
868 1572 1011 1598 civitatem
1031 1572 1159 1598 custodia
1179 1580 1228 1598 sua
1248 1572 1379 1598 liberavit
1398 1575 1427 1598 et
1445 1580 1544 1598 nomen
1563 1573 1729 1598 Romanum.

287 1622 391 1649 XVIII.
420 1625 461 1647 rit,
486 1623 588 1646 silverii
607 1626 654 1646 ἕλ’).-
683 1622 755 1648 intra
776 1623 921 1649 civitatem
941 1627 1033 1649 autem
1052 1624 1165 1656 grandis
1186 1622 1272 1649 fames
1292 1626 1352 1649 erat
1374 1643 1378 1648 .
1401 1643 1406 1647 .
1431 1644 1435 1648 .
1478 1627 1539 1648 100:
1568 1624 1666 1650 eodem
1689 1627 1814 1657 tempore
1833 1625 1911 1650 tanta

423 1664 509 1690 fames
536 1664 589 1690 fuit
611 1672 660 1697 per
680 1665 844 1691 universum
864 1666 1004 1695 mundum,
1031 1670 1062 1692 ut
1083 1667 1188 1692 Dacius
1213 1667 1361 1698 episcopus
1386 1666 1510 1692 civitatis
1535 1666 1752 1693 Mediolanensis
1776 1666 1911 1692 relatione

423 1716 472 1733 sua
492 1707 543 1733 hoc
558 1708 703 1733 evidenter
716 1709 880 1739 narraverit,
904 1709 979 1742 quod
999 1710 1025 1735 in
1045 1710 1172 1742 partibus
1187 1709 1316 1742 Liguriae
1335 1709 1464 1735 mulieres
1484 1709 1557 1735 filios
1576 1717 1641 1735 suos
1660 1709 1847 1735 comedissent
1866 1716 1914 1742 pe-

423 1751 500 1776 nuria
522 1749 602 1775 samis
624 1771 628 1774 .
647 1770 651 1774 .
671 1771 674 1775 .
714 1754 760 1775 99:
790 1754 856 1776 tunc
876 1752 991 1777 obsessa
1011 1756 1054 1778 est
1074 1752 1174 1778 civitas
1194 1759 1295 1777 annum
1314 1759 1397 1777 unuln
1417 1771 1422 1775 .
1441 1771 1446 1777 .
1464 1771 1469 1776 .
1490 1760 1506 1777 a
1525 1751 1635 1777 Gothis.
1673 1752 1808 1785 patricius
1827 1759 1912 1777 vene-

423 1793 519 1819 rabilis
539 1793 688 1818 Vilisarius
713 1794 864 1826 pugnando
883 1795 952 1820 vicit
971 1794 1077 1820 Gothos
1104 1798 1132 1820 et
1154 1795 1331 1828 postmodum
1351 1793 1481 1827 fugerunt
1499 1794 1584 1821 Gothi
1603 1794 1764 1820 Ravennam
1782 1797 1847 1827 post
1865 1802 1913 1820 an-

422 1844 485 1861 num
506 1844 588 1861 unum
610 1856 614 1859 .
639 1856 643 1860 .
667 1856 672 1860 .
715 1840 776 1860 lun:
804 1837 902 1862 eodem
922 1840 1046 1870 tempore
1065 1837 1219 1863 ambulavit
1238 1837 1388 1863 Yilisarius
1406 1837 1541 1869 patricius
1560 1837 1706 1870 Neapolim
1726 1840 1754 1863 et
1772 1837 1912 1863 ordinavit

424 1887 483 1905 eam
503 1882 532 1904 et
551 1879 727 1911 postmodum
747 1880 824 1905 venit
842 1880 957 1905 Romam
980 1899 984 1904 .
1003 1899 1007 1903 .
1025 1900 1030 1904 .
1052 1880 1149 1905 dolens
1169 1883 1261 1905 autem
1281 1878 1411 1912 Augusta
1429 1887 1479 1912 pro
1495 1878 1628 1905 Antbimo
1648 1879 1816 1912 patriarcha,
1837 1879 1912 1913 quod

424 1922 568 1955 depositus
582 1920 683 1946 fuisset
696 1929 712 1946 a
726 1922 902 1947 sanctissimo
916 1921 1042 1955 Agapito
1056 1930 1136 1956 papay
1158 1922 1204 1955 qui
1219 1930 1280 1947 eum
1294 1922 1463 1947 haereticum
1476 1922 1628 1955 reperisset
1643 1942 1647 1946 .
1667 1942 1670 1946 .
1687 1941 1692 1946 .
1715 1922 1791 1948 misit
1809 1922 1914 1955 episto-

424 1965 465 1990 las
485 1971 549 1989 suas
562 1964 678 1989 Romam
698 1963 818 1990 Silverio
838 1972 927 1998 papae
947 1973 1047 1997 rogans
1066 1967 1094 1990 et
1113 1965 1276 1991 obsecrans:
1301 1985 1305 1989 .
1324 1984 1329 1989 .
1347 1984 1351 1988 .
1370 1966 1486 1990 ‘revoca
1499 1964 1661 1990 Anthimum
1675 1965 1805 1990 inlocum
1819 1958 1911 1990 suum*

426 2027 431 2031 .
449 2027 454 2030 .
474 2027 478 2031 .
500 2006 635 2032 Silverius
657 2026 661 2030 .
679 2027 683 2031 .
701 2027 706 2030 .
728 2008 871 2040 rescripsit
891 2006 1050 2040 Augustae:
1077 2008 1200 2033 ‘domina
1214 2005 1350 2040 Augusta,
1373 2015 1424 2039 ego
1443 2014 1500 2033 rem
1520 2007 1602 2033 istam
1621 2005 1745 2032 facturus
1765 2015 1911 2040 numquam

424 2057 479 2078 ero,
506 2053 537 2075 ut
556 2056 684 2075 revocem
704 2049 841 2075 hominem
865 2049 1035 2076 haereticum
1055 2050 1082 2075 in
1102 2057 1151 2076 sua
1170 2051 1295 2083 nequitia
1314 2050 1495 2075 damnatum'.
1535 2052 1599 2075 tunc
1619 2049 1765 2081 indignata
1782 2048 1912 2081 Augusta

425 2093 500 2117 misit
519 2092 656 2117 iussiones
676 2091 711 2117 ad
730 2092 893 2118 Vilisarium
912 2093 1059 2126 patricium
1081 2113 1086 2118 .
1110 2113 1114 2117 .
1138 2113 1142 2117 .
1164 2093 1204 2118 ita
1223 2093 1411 2118 continentes:
1443 2096 1459 2117 ⁴.
1477 2112 1482 2117 .
1500 2113 1504 2117 .
1527 2092 1635 2125 depone
1656 2092 1733 2117 illum
1752 2093 1787 2118 de
1807 2093 1913 2125 episeo-

425 2138 491 2168 patu
519 2138 566 2160 aut
586 2137 662 2159 certe
683 2133 800 2160 festinus
821 2136 978 2161 transmitte
999 2143 1060 2161 eum
1080 2135 1114 2161 ad
1134 2135 1197 2161 nos'
1219 2155 1223 2159 .
1248 2155 1252 2159 .
1276 2155 1280 2159 .
1308 2137 1336 2161 et
1359 2138 1423 2161 tunc
1447 2135 1570 2168 suscepit
1593 2135 1744 2160 iussionem
1763 2135 1911 2160 Vilisarius

425 2178 559 2210 patricius
580 2177 689 2202 dicens:
716 2180 781 2210 ‘ego
801 2178 912 2211 quidem
933 2179 1084 2203 iussionem
1105 2177 1185 2207 facio,
1209 2178 1257 2204 sed
1272 2178 1325 2207 ille,
1349 2178 1394 2211 qui
1415 2178 1533 2203 interest
1551 2177 1579 2203 in
1598 2184 1665 2203 nece
1680 2177 1791 2203 silverii
1811 2185 1909 2210 papae,

425 2221 484 2253 ipse
504 2220 639 2245 rationem
660 2220 759 2246 reddet
779 2221 812 2245 de
832 2219 914 2246 sactis
934 2221 991 2246 suis
1011 2221 1122 2246 domino
1141 2224 1236 2246 nostro
1255 2220 1319 2246 Iesu
1339 2219 1474 2246 Cliristo'.
1514 2223 1541 2246 et
1561 2223 1677 2252 urgente
1696 2220 1818 2246 iussione
1838 2220 1913 2245 exie-

425 2266 488 2288 runt
508 2263 620 2295 quidam
640 2261 702 2288 falsi
723 2266 810 2288 testes
832 2283 836 2286 .
861 2283 865 2287 .
889 2283 893 2287 .
937 2267 997 2287 101:
1025 2267 1051 2289 et
1077 2264 1152 2289 misit
1178 2271 1239 2289 eum
1264 2264 1291 2288 in
1312 2263 1425 2288 exilium
1445 2263 1472 2288 in
1491 2262 1605 2287 Pontias
1627 2282 1631 2287 .
1655 2282 1660 2286 .
1684 2282 1689 2287 .
1712 2263 1758 2295 qui
1778 2262 1911 2288 deficiens

425 2308 548 2331 mortuus
569 2309 620 2330 est.

293 2440 297 2457 1
321 2436 423 2463 guitigis
439 2435 470 2461 Η,
488 2436 513 2456 ln
526 2441 589 2463 sequ.
605 2441 697 2463 semper
726 2433 735 2465 Η
765 2435 895 2457 aduersum
910 2436 929 2458 L
959 2434 968 2466 Η
999 2439 1010 2458 2
1026 2436 1132 2458 bellandi
1150 2436 1220 2463 <bella
1234 2435 1278 2464 Ml)
1295 2436 1324 2458 ad
1338 2438 1437 2464 tempus
1452 2434 1478 2456 M
1504 2433 1514 2466 Η
1545 2440 1556 2457 :3
1572 2441 1649 2463 eaque
1668 2435 1685 2456 V
1714 2433 1723 2465 Η
1753 2435 1846 2464 saepsit
1860 2435 1880 2456 B
1904 2434 1912 2466 Η

322 2478 469 2500 obsedentos
484 2476 549 2505 111L,
566 2478 713 2500 obsidendes
728 2478 748 2499 B
772 2476 781 2509 Η
806 2479 948 2501 uniuersam
964 2478 983 2501 L
1007 2476 1015 2509 Η
1048 2483 1057 2501 71
1074 2479 1222 2508 direptionis
1236 2478 1255 2500 L
1280 2476 1288 2509 Η
1312 2480 1443 2500 assumunt
1457 2477 1501 2499 NZ
1524 2475 1533 2508 Η
1557 2484 1695 2506 quosquum
1710 2476 1778 2506 ΗΠ,
1795 2484 1911 2506 quoscum

323 2519 392 2543 Nliw
429 2519 437 2551 Η
475 2525 486 2541 Γ,
508 2521 658 2548 extinguunt
680 2520 706 2542 M
733 2519 742 2551 Η
773 2519 872 2552 cuncta]
891 2521 922 2544 cu
944 2521 971 2547 Ζ,
993 2528 1049 2543 cum
1070 2521 1092 2543 N
1119 2519 1128 2552 Η
1160 2521 1363 2543 uenerabililinm
1383 2519 1417 2542 Η1
1453 2518 1462 2551 Η
1500 2523 1511 2541 G
1533 2520 1696 2542 defensantur
1716 2519 1736 2542 L
1764 2518 1774 2551 Η
1805 2524 1816 2542 7
1838 2520 1912 2542 indu-

323 2563 381 2585 stria
394 2576 427 2579 -—
441 2563 577 2591 angebatur
589 2570 635 2584 orn.
654 2562 707 2584 ΝΖῙ
738 2561 747 2594 Η
778 2566 877 2592 propter
892 2563 917 2585 M
946 2562 954 2594 Η
984 2564 1102 2585 instantia
1116 2563 1135 2585 L
1165 2562 1174 2594 Η
1203 2563 1321 2591 agebatur
1335 2562 1362 2584 Μ
1388 2560 1398 2593 Η
1427 2569 1518 2585 romam
1532 2562 1551 2584 L
1581 2560 1590 2593 Η
1621 2568 1632 2585 s
1648 2562 1768 2584 mundum
1782 2569 1829 2585 om.
1843 2562 1886 2584 ΝΖ
1905 2560 1913 2592 Η

323 2606 480 2634 maximeque
497 2604 590 2627 NZML
614 2603 622 2633 Γ
647 2605 749 2633 ligurias
766 2606 811 2627 ΝΖ
834 2604 843 2637 Η
867 2606 939 2628 famis
954 2606 974 2627 Β
998 2604 1006 2636 Η
1031 2605 1229 2629 execraueratM
1256 2604 1265 2636 Η
1297 2612 1308 2626 a
1330 2606 1364 2628 sic
1379 2605 1399 2627 B
1428 2604 1437 2637 Η
1467 2605 1606 2628 antistisH
1626 2604 1636 2636 Η
1659 2605 1745 2627 rettuli
1760 2604 1791 2627 N¹
1816 2603 1825 2636 Η
1848 2606 1911 2634 quod

322 2647 379 2669 add.
397 2648 416 2669 R
429 2650 480 2676 pose
495 2648 581 2669 retulit
611 2648 613 2677 s
649 2648 730 2677 plexae
745 2647 785 2675 ΖΙ,
802 2649 895 2677 plsque
910 2648 940 2670 Nl
971 2646 980 2679 Η
1014 2653 1040 2671 lo
1061 2648 1244 2671 eommederent
1257 2648 1278 2669 R
1307 2646 1317 2679 Η
1345 2654 1439 2670 annum
1453 2649 1599 2670 continuum
1613 2647 1708 2670 NZML
1735 2645 1744 2679 Η
1774 2654 1854 2670 roman
1868 2649 1911 2670 ob-

322 2690 439 2712 sialissent
456 2690 485 2711 ΖΙ
516 2688 525 2721 Η
559 2694 582 2712 ll
601 2690 680 2712 redire
695 2690 814 2718 HVNM&
832 2691 916 2713 redere
930 2690 949 2713 L
980 2689 988 2722 Η
1018 2691 1142 2713 bilisarius
1158 2691 1201 2713 ΝΖ
1230 2689 1239 2721 Η
1272 2695 1299 2713 12
1319 2697 1391 2713 aom.
1412 2691 1431 2712 Υ
1458 2689 1467 2720 Η
1500 2695 1527 2713 13
1548 2691 1628 2712 ablata
1642 2689 1687 2711 NZ
1715 2688 1725 2720 Η
1753 2691 1912 2713 conuinctum

323 2732 352 2755 L.
374 2732 512 2754 condictum
534 2732 561 2754 Vl
591 2730 600 2762 Η
633 2737 660 2755 15»
682 2734 758 2755 eflicit
779 2733 842 2755 VNZ
877 2732 886 2764 Η
925 2738 952 2756 io
972 2741 1034 2763 papa
1054 2734 1163 2762 denique
1179 2734 1198 2755 B
1227 2732 1236 2764 Η
1266 2733 1407 2763 pontianam
1423 2731 1483 2755 N2Z
1512 2730 1521 2763 Η
1551 2735 1590 2755 est
1607 2734 1659 2761 post
1679 2732 1786 2761 denique
1800 2732 1820 2754 L
1849 2731 1858 2764 Η
1888 2737 1911 2756 et

326 2782 371 2797 mn,
392 2774 471 2795 NZM'
509 2773 518 2804 Η
554 2775 669 2797 exultans
692 2774 723 2796 ΝῙ

1929 706 1958 729 10

1929 962 1958 985 15
