2023 3093
736 159 958 186 i’itooEMIVM.
1577 161 1654 191 XXI

49 272 147 302 rexit.
182 271 306 312 expulit
334 281 456 311 qnoque
485 271 743 311 interpolationes
773 270 920 301 editionis
945 271 1147 301 Erasmianae
1179 275 1304 311 praeter
1333 272 1502 303 secundam
1533 277 1563 303 ct
1594 276 1657 303 tcr-

47 331 132 362 tiam.

134 391 259 422 Tertius
274 390 413 430 sylburg
436 390 573 421 editione
596 390 670 421 anni
687 399 780 420 lunxe
804 400 820 421 e
844 389 951 420 codice
967 390 1119 421 Fuldensi
1137 390 1221 421 facta
1236 391 1393 421 Sconhovi
1410 391 1575 431 Vinetique
1595 393 1657 423 lec—

48 450 150 481 tiones
174 454 336 491 corruptas
359 450 441 481 alias
465 449 598 480 correxit
620 449 760 480 adhibito
784 449 892 480 codice
910 449 1072 480 Fuldensi.
1101 459 1192 489 quem
1210 450 1368 490 Leydensi
1388 454 1419 481 et
1436 451 1657 490 Burdigalensi

49 511 141 550 longe
158 513 318 551 praestare
335 520 430 550 supra
446 509 660 550 exposuimus.
680 509 760 540 alias
777 509 906 540 retinuit
921 519 949 540 e.
968 519 1014 549 gr.
1039 509 1104 549 ‘qui
1122 518 1155 540 se
1171 509 1267 539 armis
1283 509 1455 542 defendere
1471 512 1659 552 potuissent’

51 572 100 606 231„
128 575 153 608 8,
183 580 278 610 quam
303 569 468 601 lectionem
492 569 525 600 in
549 569 700 600 Fuldensi
726 580 786 600 non
810 569 909 599 fuisse
933 569 998 600 fere
1022 571 1155 599 constat.
1183 568 1242 599 etsi
1264 572 1349 600 tacet
1371 570 1570 611 Sylburgw

133 629 321 670 Nuperrime
352 629 487 669 denique
510 629 700 660 breviarium
724 628 824 660 edidit
845 628 955 659 Hartel
979 628 1064 669 apud
1087 628 1314 659 Weidmannos
1336 638 1542 662 MDCCCLXXH
1568 632 1660 663 adhi-

48 689 121 720 bitis
145 689 305 721 codicibus
328 689 458 730 Eutropi
482 689 608 729 quidem
633 688 777 720 Gothum»
800 688 842 719 ad
865 688 1145 719 Mommsenianam
1173 688 1240 719 eius
1264 688 1465 720 collationem
1489 691 1579 722 Pauli
1603 703 1660 723 au-

48 754 110 781 tem
127 749 309 780 Monacensi
331 752 363 780 et
378 748 617 789 Bambergensi.
645 748 734 779 cuius
757 748 1001 789 discrepantiam
1025 758 1065 779 ex
1088 748 1319 788 Eyssenhardti
1342 749 1479 781 editione
1503 750 1661 783 Historiae

50 809 212 841 Miscellae
235 818 471 840 MDecevann
493 808 629 849 repetiit.
675 808 703 839 is
734 808 892 848 duplicem
917 807 1059 839 codicum
1084 808 1237 839 familiam
1261 811 1369 840 extare
1393 810 1531 849 censuit,
1566 821 1658 842 unam

50 869 179 910 Eutropi
202 869 271 910 puri
296 869 477 900 memoriam
501 871 744 909 propagantem.
779 869 910 899 alteram
940 868 1177 908 interpolatam,
1213 868 1262 900 cui
1286 869 1439 900 Paulinae
1470 870 1662 901 recensionis

48 939 160 960 nomen
182 929 307 960 indidit.
350 928 491 960 familiae
514 938 612 969 purae
635 931 746 959 testem
771 928 921 968 optimum
946 937 1016 959 esse
1043 928 1147 959 (iotha
1170 939 1244 959 num
1268 933 1352 960 recte
1376 929 1495 970 posuit.
1524 931 1662 971 reliquos

49 989 173 1021 codices
196 999 305 1020 omnes
328 988 489 1030 propriam
512 988 731 1019 auctoritatem
756 988 873 1019 habere
896 998 957 1018 non
984 991 1067 1019 recte
1090 988 1228 1028 negavit.

135 1118 263 1149 Praeter
292 1117 439 1149 breviarii
470 1116 594 1148 codices
618 1117 747 1148 Latinos
777 1117 841 1148 alia
864 1117 980 1148 adsunt
1002 1120 1108 1148 textus
1132 1117 1317 1148 restituendi
1345 1118 1502 1149 subsidia:
1543 1119 1664 1151 scilicet

50 1182 81 1209 et
104 1178 246 1209 Graecae
277 1178 439 1209 versiones
467 1177 567 1208 altera
590 1177 719 1208 Paeani.
749 1187 830 1217 quae
861 1177 977 1208 maiore
1005 1187 1043 1208 ex
1074 1180 1163 1217 parte
1192 1181 1327 1208 aetatem
1358 1177 1439 1217 tulit7
1472 1179 1574 1210 altera
1603 1180 1664 1211 Ca-

51 1238 167 1279 pitonis
191 1238 300 1278 Lycii.
328 1241 361 1268 ut
384 1238 498 1268 fertur.
527 1237 616 1267 cuius
639 1236 793 1276 reliquiae
816 1236 953 1267 maxime
981 1237 1065 1277 apud
1095 1237 1267 1268 Iohannem
1290 1237 1519 1269 Antiochenum
1543 1243 1662 1279 extant,

50 1302 81 1329 et
103 1301 263 1329 auctorum
288 1298 471 1328 Latinorum
496 1296 578 1335 libri,
605 1296 923 1337 quijcommentarios
944 1297 1154 1337 Eutropianos
1177 1297 1254 1328 satis
1278 1298 1459 1329 commodos
1482 1302 1514 1330 ct
1536 1300 1666 1340 elegan-

48 1362 97 1389 tes
120 1358 379 1398 compilaverunt.

135 1418 305 1448 PAEANIVS
329 1427 388 1457 quo
411 1420 552 1457 tempore
575 1416 689 1447 vixerit
711 1416 966 1455 lneviariumque
993 1417 1132 1448 verterit.
1160 1417 1282 1448 definiri
1307 1427 1399 1458 posse
1422 1419 1561 1459 Sylburg
1585 1424 1666 1452 recte

51 1478 172 1509 monuit
194 1488 210 1509 e
235 1477 339 1509 verbis
363 1477 419 1509 IX.
440 1478 478 1507 24
504 1476 634 1517 Eutropi
657 1476 756 1507 textui
780 1476 925 1507 insertis:
951 1475 1068 1511 πάππος
1093 1477 1125 1508 δὲ
1148 1474 1232 1512 οὗτος
1253 1478 1391 1517 (Names)
1421 1476 1542 1520 Σάπωρί
1564 1492 1594 1510 τε
1618 1481 1668 1511 καὶ

44 1536 196 1580 ‘Grauiscas
224 1539 301 1572 τοῖς
333 1538 385 1572 εἰς
414 1535 478 1578 τήν
506 1535 693 1578 ἡμετέραν
724 1535 875 1577 ἡλικίαν
907 1533 1184 1578 ἀφικομένοις.
1218 1538 1322 1569 minus
1351 1542 1435 1570 reete
1465 1542 1569 1570 autem
1594 1541 1667 1572 inde

51 1598 223 1630 Paeanium
246 1601 319 1629 ante
343 1607 461 1628 annum
486 1598 563 1633 330,
596 1607 657 1637 quo
681 1598 831 1637 Saporem
862 1596 979 1628 obiisse
1011 1601 1149 1636 constat,
1181 1598 1335 1629 conclusit
1363 1598 1540 1639 scripsisse.
1588 1600 1669 1632 hanc

51 1658 218 1699 amplexus
255 1657 466 1689 coniecturam
497 1657 634 1688 schulze
670 1656 702 1687 in
740 1657 899 1688 uberrima
936 1657 975 1689 de
1007 1657 1145 1689 Paeanio
1183 1657 1397 1698 disputat-ione
1437 1660 1552 1698 (Pln'lol.
1581 1663 1669 1691 x‘x'lx

52 1731 81 1759 μ.
110 1720 170 1749 285
187 1729 240 1755 ss.)
276 1717 449 1749 Paeanium
480 1720 619 1748 nostrum
643 1716 778 1748 eundem
802 1720 896 1757 atque
925 1717 1014 1748 cuius
1039 1717 1156 1749 mentio
1185 1718 1270 1758 apud
1293 1718 1459 1750 Libanium
1483 1718 1534 1759 fit,
1569 1720 1667 1752 fuisse

53 1778 172 1810 statuit.
213 1781 245 1809 at
268 1787 338 1809 cum
362 1777 447 1808 dicat
468 1776 626 1808 Paeanius
649 1775 839 1818 ἀφικομένοις
863 1788 924 1809 11011
949 1775 1185 1819 ἀφικνουμένοις,
1212 1778 1363 1809 maiorem
1388 1778 1484 1810 habet
1504 1780 1570 1811 veri
1593 1790 1666 1821 spe-

54 1839 132 1870 ciem
157 1842 227 1879 post
248 1848 365 1869 annum
391 1838 450 1868 380
475 1837 653 1868 versionem
677 1846 748 1868 esse
772 1836 898 1876 factam⁷
926 1837 1000 1869 licet
1022 1848 1083 1869 non
1107 1838 1205 1869 multo
1228 1841 1299 1879 post
1319 1838 1483 1879 scripsisse
1507 1839 1663 1879 videatur7

52 1903 86 1931 ut
106 1898 204 1930 nihilo
228 1898 331 1929 minus
355 1897 484 1938 Eutropi
507 1896 572 1928 fere
596 1896 739 1937 aequalis
763 1897 937 1928 existimari
961 1897 1071 1938 possit.

136 1958 320 1990 Vei-sionem
351 1957 413 1989 duo
443 1960 608 1988 servarunt
637 1965 778 1987 comens
810 1957 1071 1988 LAquN'i‘IAst
1119 1958 1147 1997 L)
1183 1961 1214 1989 et
1243 1958 1395 1989 PITHOEI.
1444 1969 1550 1990 eorum
1582 1960 1666 1991 Lau-

52 2019 213 2051 rentianus
244 2018 349 2049 LXX.
377 2020 394 2048 5
432 2018 574 2057 (Bantlim'
597 2019 630 2046 II
638 2040 644 2054 ‚
673 2018 741 2056 665)
778 2017 964 2048 chartaceus
992 2017 1111 2048 saeculi
1142 2018 1201 2048 XV
1236 2021 1361 2058 praeter
1399 2018 1463 2050 alia
1492 2019 1665 2051 Paeanium

53 2079 190 2111 continet
211 2078 285 2110 inde
308 2088 328 2109 a
350 2078 469 2119 pagina
490 2078 559 2108 198.
586 2076 719 2108 adiectis
742 2087 761 2108 a
777 2080 948 2108 correctore
965 2076 997 2107 in
1014 2077 1157 2117 margine
1175 2077 1282 2109 multis
1298 2077 1506 2119 futilibusque
1522 2079 1602 2110 notis
1618 2082 1663 2119 ¹¹).

126 2198 164 2227 10)
185 2200 309 2222 editiones
328 2199 421 2222 Hearni
444 2198 526 2229 (1703)
556 2199 717 2228 Haxercanlpi
741 2197 822 2226 (172!)]
846 2199 969 2226 Yerhcyki
994 2198 1078 2228 (1762,
1103 2198 1173 2227 1703>
1202 2199 1342 2222 Tzscliucki
1365 2199 1448 2229 (17911,
1473 2199 1544 2230 1804)
1573 2206 1667 2224 vastum

55 2242 154 2271 quidem
174 2245 302 2272 apponunt
320 2244 464 2271 apparatum
483 2243 597 2264 criticum
617 2241 658 2264 sed
678 2242 776 2264 minimi
797 2241 834 2263 rel
856 2241 950 2263 nullius
970 2241 1127 2270 l'aciendum3
1150 2248 1230 2271 neque
1249 2243 1317 2264 enim
1337 2243 1359 2265 is
1379 2243 1490 2271 procedit
1504 2244 1567 2266 ultra
1580 2245 1669 2267 editio-

54 2292 111 2307 num
130 2286 238 2314 priorum
257 2287 299 2308 aut
318 2285 430 2307 codicum
450 2285 479 2307 ab
499 2284 638 2307 editoribus
657 2285 781 2313 prioribus
801 2284 967 2307 adhibitorum
987 2285 1118 2307 lectionem
1138 2286 1164 2307 in
1184 2292 1263 2307 unuin
1282 2288 1430 2314 congestam,
1452 2286 1502 2309 nisi
1515 2287 1578 2316 qnod
1594 2288 1669 2310 Ileat-

53 2328 110 2350 nius
129 2330 225 2358 septem
244 2329 361 2351 librorum
381 2328 570 2356 Oxmriensium,
592 2327 786 2356 Havercampius
806 2328 879 2350 trium
902 2327 1105 2355 Lugdunensium
1124 2330 1196 2350 antea
1215 2334 1263 2350 nou
1283 2335 1451 2356 excussorum,
1474 2330 1604 2352 inutilium
1624 2338 1667 2353 au-

53 2373 103 2393 tem
122 2371 231 2393 omnium
251 2371 343 2393 variam
362 2371 493 2393 lectionem
512 2371 640 2399 apparatui
658 2371 828 2393 inseruerunt.

124 2421 160 2450 11)
183 2423 274 2445 tertius
299 2422 376 2444 codex
395 2422 532 2444 Marcianus
551 2428 638 2444 Dxx111
663 2421 805 2444 chartaceus
829 2421 951 2450 quondam
978 2422 1145 2451 liessarionis,
1172 2422 1241 2445 foliis
1263 2421 1394 2445 166—207
1414 2422 1506 2446 Paeani
1529 2425 1667 2447 versionem

54 2466 177 2488 eontinet.
216 2472 246 2487 ex
266 2466 367 2494 paucis,
394 2471 456 2494 quae
482 2467 580 2494 propter
604 2465 723 2494 temporis
742 2465 870 2493 angustias
889 2468 988 2487 enotare
1007 2465 1070 2487 mihi
1091 2465 1179 2493 licuit,
1206 2472 1261 2487 euru
1282 2472 1312 2487 ex
1332 2466 1499 2489 Laurentiano
1517 2466 1668 2496 descriptum

53 2514 107 2530 esse
127 2508 264 2530 verisimile
283 2510 330 2531 est.
368 2508 396 2530 iu
415 2507 527 2530 hiatibus
546 2508 614 2529 enini
633 2510 658 2530 et
677 2508 800 2530 erroribus
819 2508 971 2536 gravioribus
992 2515 1088 2537 semper
1107 2508 1167 2531 facit
1185 2515 1239 2530 cum
1262 2509 1443 2536 Laurentiano,
1468 2511 1594 2538 praeterea
1613 2517 1669 2533 con-

54 2551 131 2572 sentit
150 2557 204 2572 cum
224 2550 392 2573 Laurentiano
410 2551 450 2573 his
469 2551 543 2573 locis:
572 2548 611 2573 ἐπὶ
629 2548 686 2577 τοὺς
702 2544 816 2582 ’Ἃφρους
837 2550 875 2575 Ll,
904 2549 943 2573 ἐπὶ
962 2548 1020 2577 τοὺς
1040 2547 1232 2584 Καρχηδονίους
1252 2549 1284 2572 L'2
1303 2552 1318 2573 i.
1339 2558 1372 2574 711.
1397 2550 1471 2574 Mare.
1495 2551 1535 2574 559.
1561 2556 1601 2579 17;
1635 2552 1669 2580 εἰς

52 2588 157 2616 Ἰταλίαν
177 2592 218 2622 L¹,
248 2590 278 2616 ἐκ
296 2590 393 2625 Λιβύης
412 2592 470 2616 add.
492 2591 533 2621 L²‚
564 2591 592 2616 ἐκ
616 2591 645 2616 ἐν.
670 2590 766 2624 Λιβύης
792 2591 826 2619 εἰς
845 2588 950 2616 Ἰταλίαν
971 2592 1046 2615 Mure.
1068 2592 1108 2621 (il,
1133 2598 1160 2621 τις
1191 2591 1255 2624 αἴρει
1275 2591 1369 2626 μάχαις
1389 2593 1429 2619 L',
1459 2592 1523 2627 αἴρει
1547 2593 1617 2618 wilm
1638 2595 1670 2618 L?

57 2635 131 2659 Marc.
152 2635 193 2664 97,
215 2639 260 2664 23ς
287 2634 377 2668 ζημίας
396 2633 490 2659 πολλὸν
510 2635 540 2663 L,
562 2633 651 2667 ζημίαν
671 2634 768 2668 πολλὴν
789 2635 864 2658 Marc.
890 2635 944 2663 171»,
970 2640 1013 2661 15:
1035 2637 1062 2658 in
1082 2637 1130 2658 line
1149 2639 1205 2665 post
1223 2633 1286 2659 ἀλλο
1306 2636 1375 2659 addit
1393 2640 1514 2666 uterque:
1540 2636 1622 2670 ’ζήτει
1640 2637 1669 2662 τὸ

57 2677 167 2702 latites.
205 2680 317 2707 quartum
338 2678 446 2708 codicem
465 2679 562 2701 scilicet
582 2678 752 2701 Monacensem
773 2678 914 2701 Bavznricum
934 2685 957 2701 cr
978 2679 1069 2701 sacculi
1090 2685 1122 2700 xv
1142 2679 1181 2701 vel
1201 2685 1243 2700 xvi
1263 2682 1373 2701 accurate
1393 2686 1422 2701 ex
1444 2680 1609 2703 Laurentiano
1629 2681 1670 2703 dc-

59 2722 178 2750 scriptum
198 2728 252 2744 esse
271 2721 450 2744 demonstravit
469 2721 574 2743 Schulze
593 2721 608 2743 1.
631 2721 646 2743 l.
668 2721 762 2743 conlata
781 2721 897 2743 librorum
919 2727 1005 2742 1——1111
1026 2721 1140 2743 lectione.
1177 2723 1215 2743 est
1234 2721 1342 2750 denique
1362 2722 1400 2744 vel
1420 2722 1467 2744 ruit
1485 2722 1561 2745 codex
1582 2724 1669 2746 Pacarii

59 2765 84 2786 in
105 2763 253 2786 bibliotheca
271 2764 412 2786 monasterii
431 2765 480 2786 τῶν
496 2759 603 2795 Ἰβήρων
622 2764 646 2785 111
666 2766 748 2786 monte
767 2764 841 2792 Atho,
862 2770 936 2793 quem
955 2764 1135 2786 commemorari
1154 2764 1179 2785 in
1198 2764 1304 2793 catalogo
1323 2764 1376 2787 eius
1394 2765 1555 2789 bibliothecae
1575 2768 1671 2789 sacculo

62 2813 125 2830 xxm
146 2807 245 2836 scripto⁷
266 2807 331 2829 edito
349 2814 362 2829 a
382 2806 457 2829 Satha
480 2806 546 2829 fbibl.
568 2806 652 2829 Graec,
675 2807 737 2829 med.
759 2808 811 2830 aevi
834 2807 852 2835 l,
875 2806 930 2833 2s2)
958 2813 1000 2829 nos
1018 2807 1103 2829 docuit
1122 2806 1227 2830 Deboor.
