2023 3093
108 708 136 726 io

110 1215 138 1234 211

112 1723 122 1741 :3
129 1724 140 1740 υ

110 1978 121 1996 3
128 1978 139 1996 5

110 2231 139 2249 -lo

847 146 1078 173 LANDOLFVS.
1710 147 1770 175 245

152 240 196 272 50
351 251 442 272 suum
465 240 540 271 furti
568 239 786 271 insimulatum
816 238 989 277 interfecit7
1025 239 1156 279 dignum
1181 239 1301 270 scilicet
1322 238 1465 277 facinus,
1498 238 1581 279 quod
1609 241 1698 279 pater
1720 238 1771 268 vel

352 290 522 332 parricidio
552 290 755 331 plectendum
784 289 927 327 (11100101,
962 289 1045 328 (1110(1
1075 299 1114 320 ne
1146 289 1235 329 leges
1259 289 1387 330 quidem
1410 289 1472 320 nisi
1496 289 1596 320 multa
1618 288 1772 329 pecuniae

353 346 408 373 aut
437 351 593 372 summum
624 340 712 371 exilii
741 340 825 371 circa
853 339 1027 379 quemlibet
1056 339 1219 370 hominum
1248 344 1448 371 censuerunt.
1503 350 1586 371 anno
1621 339 1661 370 ab
1696 339 1773 370 urbe
1787 346 1875 366 01:2⁵2

272 399 285 421 5
353 392 480 424 condita
503 391 756 431 quingentesimo
780 390 939 422 tricesimo
963 393 1074 430 quarto
1097 390 1106 431 Η
1128 391 1234 421 hellam
1262 393 1404 421 Punicam

224 451 239 473 P
270 449 283 471 1
305 448 524 483 pnynatmnan,
550 441 604 482 qui
626 445 733 473 tamen
756 441 815 472 hoc
839 441 994 472 somnium
1018 444 1091 472 ante
1114 441 1296 481 previderat
1322 441 1330 482 Η
1355 442 1503 473 iuvenem
1519 442 1658 472 humana
1674 441 1774 472 forma
1789 448 1840 472 Nep.
1856 450 1874 470 s,
1890 449 1902 467 6

354 493 587 533 augustiorem,
620 493 673 532 qui
697 502 731 523 se
754 492 931 523 hortaretur
953 492 985 522 in
1009 491 1167 523 excidium
1191 492 1305 523 Italiae
1328 495 1456 523 auctore
1479 493 1554 523 Iove
1579 495 1770 523 secuturum.

354 542 470 574 deinde
494 546 566 584 post
587 546 711 583 tergum
734 542 908 583 respiciens
930 542 1045 573 intueri
1070 542 1130 573 sibi
1152 542 1240 573 visus
1259 546 1308 573 est
1324 546 1505 583 serpentum
1521 546 1645 574 vastum
1663 546 1776 573 cuncta

352 594 557 634 populantem
586 593 697 624 audire
727 593 823 624 etiam
854 593 935 624 caeli
964 592 1121 632 fragorem
1152 603 1210 624 nec
1239 602 1301 623 non
1332 596 1363 624 et
1392 593 1515 624 nimbos
1539 603 1609 624 eum
1633 593 1776 633 maligna

354 645 424 675 luce
447 644 567 677 visere:
595 644 769 684 interrogat
790 644 938 675 iuvenem
961 647 1162 684 preeuntem,
1190 643 1266 683 quid
1290 643 1521 683 subsequatur?
1553 644 1609 675 ille
1632 644 1674 675 ad
1696 644 1777 675 haec

358 694 479 726 ‘vides⁷
503 695 605 735 inquit
632 695 740 726 ‘vides
763 694 922 726 excidium
946 695 1074 726 Italiae:
1103 698 1173 726 tace
1197 698 1228 725 et
1251 698 1355 725 cetera
1371 695 1516 735 permitte
1533 694 1633 725 fatis'.
1658 695 1667 735 Η
1689 696 1776 725 Han-

272 752 286 773 ‹·›
354 746 436 776 nibal
458 756 527 786 erqo
551 747 721 785 Sayuntmn
744 745 752 786 Η
774 744 1028 776 florentissimam
1052 744 1060 785 Η
1083 746 1249 785 Hispaniae
1272 746 1419 775 civitatem
1792 754 1878 773 (11.251

272 802 284 824 7
310 799 426 827 aetatis.
467 797 536 827 haic
559 797 687 833 Romani

271 852 285 875 9
311 849 335 877 is
360 849 470 887 (effatos
492 845 501 887 Η
526 847 737 877 Romanorum
760 846 802 877 ad
827 856 860 878 se
884 846 997 877 missos
1020 846 1261 878 iniuriosissime
1285 846 1381 878 etiam
1404 856 1424 877 a
1447 850 1617 887 conspectu
1641 856 1697 877 suo
1721 847 1778 878 ab-
1792 856 1825 875 or.
1841 855 1879 875 252

355 897 474 928 stinuit.
501 896 509 937 Η
532 899 660 927 Romani
682 899 770 927 etiam

257 955 282 978 11
313 950 382 978 vicli?
404 953 475 979 sant
496 947 505 989 Η
528 951 559 979 01
580 952 689 979 octavo
713 948 840 979 demum
864 957 972 979 mense
995 948 1003 989 Η
1026 950 1107 987 capa·
1130 949 1168 978 ab
1192 949 1364 978 Hannibale
1794 956 1881 977 01051

258 1005 286 1027 15
316 1000 435 1039 (relicto)
470 999 664 1029 Hasdrubale
696 1001 841 1038 Pyt-eneas
873 1000 1015 1029 trsmssm'c
1048 998 1057 1039 Η
1089 1003 1211 1030 montes
1245 999 1326 1029 inter
1364 998 1579 1030 ferocissimas
1614 998 1778 1029 Gallorum
1793 1008 1827 1027 or.
1844 1007 1881 1027 2:22

354 1053 478 1089 gentes.
519 1049 601 1080 ferro
623 1049 708 1079 viam
733 1049 857 1090 aperuit
879 1052 910 1080 et
933 1059 1015 1080 nono
1039 1049 1166 1080 demum
1183 1049 1234 1080 die
1251 1059 1270 1080 a
1285 1050 1429 1089 Pyrenea
1446 1049 1487 1080 ad
1504 1049 1603 1089 Alpes
1620 1049 1775 1089 pervenit.

356 1100 409 1131 ubi
433 1100 508 1131 dum
531 1103 697 1131 montanos
714 1100 824 1131 Gallos
848 1100 1004 1141 repellere
1028 1110 1099 1131 eum
1123 1101 1163 1131 ab
1187 1110 1323 1131 ascensu
1346 1101 1523 1132 obnitentes
1546 1100 1630 1131 110110
1652 1104 1781 1141 superat

356 1155 451 1190 atque
481 1151 584 1182 invias
615 1160 710 1191 rupes
738 1151 806 1191 igni
837 1155 926 1182 aceto
958 1151 1103 1191 ferroque
1132 1151 1298 1189 rescindit⁷
1334 1151 1545 1191 quadriduum
1570 1154 1780 1182 commoratus

259 1208 288 1229 16
355 1202 463 1241 (11111110
487 1201 614 1233 demum
638 1202 690 1233 die
713 1212 784 1233 cum
807 1202 945 1233 maximo
970 1202 1078 1233 labore
1102 1201 1143 1232 ad
1166 1202 1263 1242 plana
1286 1202 1442 1243 pervenit.
1490 1202 1625 1231 [raditur
1652 1202 1692 1231 (αἱ
1716 1203 1780 1231 Ila—

357 1254 428 1282 liam
452 1256 577 1283 centum
600 1252 729 1283 milibus
752 1252 893 1293 peditum
917 1256 1043 1283 centum
1067 1256 1098 1283 et
1121 1252 1234 1292 biginti
1259 1253 1388 1283 milibus
1412 1252 1553 1292 equitum
1583 1252 1591 1293 Η
1622 1257 1731 1292 soblem
1755 1257 1780 1282 el

357 1305 482 1343 triyinta
505 1304 675 1343 elephantos

260 1360 286 1383 17
312 1355 546 1393 cmn‘nnoeerzmtj
575 1356 747 1384 [numerant

161 1405 203 1436 52
230 1413 245 1435 1)
274 1410 287 1433 2
313 1406 449 1444 Scipione
471 1404 480 1447 Η
503 1405 685 1436 ammodum
709 1408 897 1446 pretextato,
925 1405 978 1444 qui
1002 1408 1073 1445 post
1089 1404 1259 1436 Africanus
1284 1405 1524 1444 cognominatus
1545 1408 1602 1443 est,
1630 1404 1638 1445 Η
1661 1404 1712 1444 (1111
1730 1404 1936 1456 1’1Χλξὲῐρ·”(ἳζῑῐ4”ξη

359 1465 509 1495 egressus
532 1455 669 1496 pueritia
691 1455 700 1497 Η
722 1456 762 1486 ab
785 1455 856 1496 ipsa
880 1459 979 1486 morte
1003 1457 1150 1486 lli-eratus
1873 1447 1877 1454 ’
1902 1447 1928 1454 ’”

226 1514 242 1536 P
275 1512 289 1535 G
310 1511 413 1546 postea
437 1516 527 1546 qaam
552 1508 580 1535 in
606 1508 765 1536 Etruriam
785 1508 884 1545 primo
910 1508 1055 1536 transiret

226 1562 287 1587 1>12
313 1558 396 1597 apzal
422 1558 559 1596 Capenas
581 1556 590 1598 Η
612 1557 770 1588 111101·(111111
795 1557 874 1588 duas
899 1557 991 1588 lunas
1015 1561 1112 1588 ortas.
1138 1557 1146 1597 Η
1167 1557 1285 1588 imbres
1310 1557 1437 1588 saxatili
1461 1557 1579 1588 Picena
1602 1556 1690 1597 regio
1713 1557 1785 1588 ber-
1799 1552 1885 1601 [ζῖᾈῖῧᾷ
1901 1554 1923 1596 ff

358 1611 478 1639 vei-ata.
521 1608 554 1638 in
572 1607 680 1639 Gallia
703 1608 824 1639 eisdem
847 1608 1044 1649 temporibus
1069 1608 1163 1649 lupus
1188 1618 1204 1639 e
1227 1608 1346 1648 vagina
1369 1608 1511 1648 gladium
1536 1608 1665 1639 sustulit
1680 1608 1780 1647 vigili.

357 1663 431 1689 tunc
453 1658 462 1699 Η
486 1660 513 1688 in
540 1660 689 1688 Sardinia
712 1661 859 1699 sctnyuine
882 1660 939 1689 (Iao
963 1664 1050 1689 scala
1073 1660 1235 1689 sudarunt.
1278 1661 1404 1689 Faliscis
1428 1660 1522 1689 celum
1545 1660 1644 1689 scindi
1665 1658 1673 1699 Η
1696 1658 1785 1689 velut

358 1720 473 1750 magno
497 1709 587 1740 hiatu
609 1708 617 1751 Η
640 1711 737 1740 visam
762 1715 813 1740 est.
859 1711 942 1749 apacl
964 1710 1087 1740 Antium.
1111 1720 1235 1750 quoque
1258 1710 1266 1751 Η
1288 1719 1445 1741 messores
1468 1709 1476 1749 Η
1499 1709 1690 1740 metentibus
1714 1719 1784 1740 cru-

229 1769 243 1791 1·
260 1767 289 1789 11
356 1764 446 1791 entas
470 1760 576 1800 spicas
599 1760 631 1790 in
655 1761 779 1791 corbem
804 1761 962 1792 decidisse
984 1760 993 1801 Η
1015 1764 1047 1792 01
1064 1761 1173 1801 plubie
1194 1761 1375 1792 ceciderunt
1391 1764 1528 1792 cruente.
1554 1761 1563 1801 Η
1586 1762 1677 1800 syllas
1694 1762 1781 1790 Han-
1798 1764 1832 1784 01-
1844 1765 1888 1784 2³⁴>
1901 1766 1938 1784 221²>

360 1812 441 1841 nibal
464 1812 505 1841 all
525 1813 663 1841 Tusciam
688 1814 808 1842 veniens
831 1812 839 1853 Η
863 1812 965 1843 sciens
983 1812 1174 1843 Flaminium
1199 1812 1360 1843 consulem
1384 1812 1486 1842 solum
1509 1811 1541 1841 in
1565 1811 1677 1842 castris
1697 1820 1778 1850 esse⁷

358 1872 420 1901 quo
444 1861 579 1893 celerius
602 1861 792 1902 imparatum
816 1862 971 1901 obrueret,
999 1872 1105 1903 premo
1130 1873 1203 1893 vere
1222 1872 1409 1903 progressus
1432 1861 1565 1902 ariipuit
1587 1861 1779 1902 propriorem

359 1913 415 1944 sed
438 1913 613 1953 palustrem
636 1913 721 1944 viam
745 1917 776 1944 et
800 1923 869 1944 011111
893 1913 972 1944 forte
996 1913 1115 1944 Sarnus
1139 1913 1254 1944 fluvius
1277 1914 1340 1945 late
1363 1912 1547 1944 redundans
1569 1912 1726 1953 pendulos
1750 1916 1781 1943 et

359 1963 532 1994 dissolutos
563 1973 690 2004 campos
719 1964 906 2005 reliquerat,
942 1964 981 1995 de
1011 1965 1126 2004 quibus
1157 1964 1275 1996 dictum
1305 1968 1368 1995 est:
1405 1967 1436 1995 et
1465 1973 1526 2004 que
1556 1963 1640 2003 rigat
1663 1973 1780 2003 equora

359 2014 488 2045 Sarnus.
535 2014 568 2045 in
599 2024 676 2055 quos
709 2025 778 2046 cum
808 2015 948 2047 exercitu
980 2025 1167 2056 progressus
1191 2015 1350 2046 Hannibal
1381 2015 1506 2046 nevulis
1529 2014 1683 2053 maxime,
1718 2024 1779 2054 que

358 2065 397 2096 de
421 2065 539 2106 palude
563 2066 806 2105 exhalabantur,
836 2070 1039 2107 prospectum
1063 2066 1281 2098 auferentibus
1304 2076 1453 2107 magnam
1476 2069 1599 2106 partem
1623 2066 1779 2097 sociorum

357 2117 631 2157 iumentorumque
658 2117 807 2158 perdidit.
855 2117 925 2158 ipse
948 2121 1055 2148 autem
1079 2117 1133 2148 uni
1157 2117 1344 2158 elephanto7
1378 2117 1431 2157 qui
1455 2117 1542 2147 solus
1566 2116 1776 2157 superfuerat7

359 2167 562 2208 supersidens
586 2168 640 2198 vix
664 2167 884 2199 difficultatem
908 2168 1030 2199 itineris
1054 2168 1165 2199 evasit.
1211 2168 1268 2199 sed
1292 2168 1427 2207 oculum,
1455 2178 1516 2207 quo
1538 2167 1602 2198 iam
1626 2167 1658 2198 iu
1681 2168 1780 2208 Alpes

358 2218 477 2249 dudum
508 2228 585 2258 eger
615 2222 700 2257 erat7
734 2219 886 2251 violentia
915 2218 1042 2259 frigoris
1072 2219 1317 2259 vigiliarumque
1347 2229 1385 2250 ac
1414 2218 1532 2250 laboris
1562 2218 1676 2249 amisit.
1726 2218 1779 2249 ubi

357 2279 431 2300 vero
462 2269 623 2310 proximus
654 2269 767 2300 castris
790 2270 939 2300 Flaminii
963 2270 1102 2301 consulis
1125 2270 1194 2309 fuit7
1221 2270 1398 2301 vastatione
1421 2268 1709 2300 circumiacentium
1733 2269 1780 2300 lo-

358 2330 463 2351 corum
486 2320 678 2351 Flaminium
701 2320 735 2351 in
757 2321 877 2352 bellum
902 2321 1061 2352 excitavit.
1103 2321 1184 2352 haee
1206 2331 1315 2361 pugna
1338 2321 1379 2351 ad
1398 2321 1651 2351 Transumenum
1674 2320 1779 2350 lacum

358 2371 442 2402 faeta
465 2374 529 2409 est,
558 2371 610 2401 ubi
635 2371 792 2402 exercitus
814 2372 976 2403 Romanus
999 2371 1219 2403 infelicissime
1242 2375 1309 2403 arte
1332 2370 1524 2402 Hannibalis
1548 2370 1779 2402 circumventus

358 2421 499 2452 funditus
522 2421 696 2453 trucidatus
721 2426 785 2462 est⁷
817 2422 907 2463 ipsae
931 2432 1055 2463 quoque
1079 2423 1189 2454 consul
1213 2422 1346 2453 occisus.
1394 2421 1508 2462 biginti
1530 2420 1668 2460 quinque
1691 2421 1780 2452 milia

275 2480 287 2500 Γ»
356 2473 566 2503 Romanorum
581 2472 614 2503 in
631 2482 667 2504 eo
682 2473 803 2514 praelio
827 2483 910 2513 cesa7
938 2483 994 2505 sex
1017 2473 1105 2504 milia
1129 2477 1222 2514 capta
1244 2473 1432 2512 referuntur7
1459 2477 1557 2503 cetera
1580 2472 1775 2512 tlz'sl'aqernnl.

358 2523 397 2554 de
428 2523 568 2554 exercitu
590 2523 781 2555 Hannibalis
811 2524 873 2555 duo
902 2524 990 2555 milia
1017 2524 1214 2563 ceciderunt,
1248 2527 1337 2555 tanta
1361 2523 1452 2554 clade
1475 2523 1618 2553 Romana
1641 2523 1778 2554 maxime

357 2584 427 2605 cum
456 2574 502 2605 ita
530 2574 669 2605 intentus
698 2575 905 2616 pugnandum
936 2575 1030 2606 ardor
1058 2575 1213 2614 extiterit,
1248 2578 1282 2606 ut
1311 2574 1535 2614 gravissimum
1562 2576 1774 2613 terremotum,

165 2674 190 2692 111
212 2670 263 2698 igni
282 2667 361 2700 aceto]
380 2670 448 2697 ignia
466 2668 499 2691 ml
520 2670 545 2691 in
563 2675 626 2697 ras.⁷
649 2672 701 2691 ceto
719 2669 754 2692 ml
774 2671 791 2694 i.
812 2678 859 2693 m..
881 2673 948 2693 aceto
967 2676 1013 2693 om.
1038 2670 1079 2692 Or.
1102 2670 1122 2692 L
1142 2670 1199 2692 add.
1220 2677 1247 2692 er
1267 2669 1326 2698 Nep.
1352 2669 1383 2696 23,
1408 2670 1420 2691 7
1433 2671 1478 2691 ert,
1501 2668 1549 2697 619
1584 2667 1593 2699 Η
1630 2672 1656 2692 21
1679 2671 1778 2691 centum

211 2714 262 2741 post
282 2711 395 2741 peditum
413 2717 459 2734 om.
485 2710 528 2733 Or.
565 2709 574 2741 ΙΙ
611 2715 639 2734 30
661 2710 720 2740 Nep.
742 2712 758 2735 l.
780 2712 813 2735 l..·
840 2712 904 2741 apud
929 2713 1025 2734 antium
1052 2719 1149 2741 quoque
1174 2718 1294 2734 messores
1319 2711 1520 2740 sanguinulentis
1545 2710 1619 2739 spicis
1645 2711 1778 2740 impleuere

212 2755 294 2777 corbes
314 2758 338 2776 et
357 2754 458 2783 pluuiae
478 2753 624 2776 deciderunt
642 2757 757 2777 cruentae
793 2753 802 2785 Η
840 2760 868 2777 :iu
889 2755 943 2783 alpe
963 2754 996 2777 ml
