2023 3093
777 131 1003 157 PROOEMIVM.
1612 133 1697 162 LXV

174 243 270 273 Plura
306 252 340 273 se
377 252 415 273 ex
453 242 586 272 diversis
622 242 802 273 auctoribus
838 242 970 272 collecta
1000 242 1089 273 Pauli
1126 242 1196 273 libri
1233 242 1397 274 addidisse
1426 243 1493 283 ipsc
1526 243 1697 274 Landolsus

90 302 198 334 scribit
229 302 324 341 idque
354 312 460 333 verum
492 311 563 332 esse
593 304 753 332 auctorum
785 301 910 332 nomina
933 301 1080 332 editionis
1104 302 1237 341 margini
1261 302 1406 342 apposita
1429 302 1570 342 probant.
1619 313 1697 343 opus

89 366 137 393 ost
160 365 282 393 vastum
308 361 432 402 quidem
457 364 488 392 et
510 361 698 392 laboriosum
723 361 779 392 sed
803 361 908 401 exigui
934 361 1041 402 pretii3
1079 361 1190 392 sartori
1215 361 1327 392 similis
1355 361 1577 392 vestimentum
1599 373 1698 402 quon-

89 421 160 452 dam
185 421 270 452 haud
292 421 460 461 inelegans
484 420 575 452 foede
592 420 756 451 discissum
782 421 894 462 pannis
918 421 1013 451 variis
1036 420 1171 460 undique
1189 420 1372 460 conquisitis
1395 421 1597 462 interpolanti
1615 422 1698 453 Lan—

89 481 194 512 dolfus
218 491 256 512 ex
274 481 363 512 Pauli
388 480 518 511 historia
535 490 623 511 suam
640 481 847 512 concinnavit.
889 485 1059 512 auctorum.
1087 490 1165 521 quos
1181 480 1336 511 adhibuit.
1364 481 1459 512 verba
1476 491 1696 522 nonnunquam

88 542 119 572 in
143 540 353 582 conpendium
377 540 501 580 redigit.
528 540 611 580 quod
630 540 662 571 in
678 541 819 572 Paulinis
836 551 957 581 quoque
974 540 1059 571 haud
1076 550 1145 571 raro
1163 540 1247 578 facit.
1276 540 1403 581 saepius
1419 540 1460 571 ad
1476 542 1574 572 verba
1590 542 1700 583 recipit

90 601 181 632 modo
204 601 309 641 capita
332 600 456 640 integra
479 600 660 632 exscribens
684 600 776 631 modo
800 600 935 632 frustula
957 601 1076 640 exigua
1096 600 1168 631 rudi
1185 610 1281 641 opera
1296 600 1497 631 consarciens
1512 611 1551 632 ne
1568 601 1613 632 eis
1630 602 1699 641 qui-

90 660 160 691 dem
177 660 294 691 additis
311 663 365 691 aut
380 660 520 691 mutatis.
537 670 617 700 quae
635 660 881 700 requirebantur.
899 663 932 691 111
948 664 1096 701 excerpta
1111 663 1184 701 apte
1200 663 1232 691 et
1246 663 1329 691 recte
1342 659 1424 691 inter
1435 670 1469 691 se
1482 661 1696 692 cohaererent.

175 720 348 759 Auctores⁷
374 720 427 760 qui
451 720 604 751 Landolfo
627 720 844 755 additamenta
867 720 1143 751 subministrarunt
1166 730 1221 761 per
1244 719 1340 751 libros
1359 729 1478 758 1—VI1.
1506 720 1608 752 eidem
1634 721 1698 752 fere

87 781 229 812 fuerunt.
264 780 377 820 quibus
401 780 518 811 Paulus
542 789 618 811 usus
640 783 689 811 est
711 780 750 811 ad
774 780 915 821 Eutropii
939 780 1129 811 breviarium
1152 779 1416 821 interpolandum.
1465 790 1504 811 ex
1528 780 1585 819 iis7
1618 791 1698 821 quae

88 841 205 872 Paulus
228 840 260 871 in
284 840 410 872 brevius
434 843 592 871 contracta
615 844 825 881 excerpserat.
854 840 1029 871 Landolfus
1052 840 1171 881 passim
1195 840 1318 880 integra
1342 840 1526 881 descripsit:
1561 841 1699 881 exempli

87 900 198 940 gratia.
226 903 259 931 ut
283 910 344 931 uno
367 900 532 940 defungar.
560 900 599 931 de
623 900 769 931 Caesaris
793 900 825 931 in
849 900 955 931 Gallia
979 900 1072 931 rebus
1095 900 1194 940 gestis
1218 903 1339 940 septem
1359 900 1462 931 Orosii
1487 900 1591 941 capita
1614 901 1697 931 Pau—

88 960 137 991 lus
160 959 380 1000 compendiata
402 959 551 1000 Eutropio
574 959 705 991 inseruit
733 961 812 998 (102.
844 966 852 988 1
877 978 910 982 —
934 961 1002 999 103⁷
1029 961 1068 991 o).
1096 960 1271 991 Landolfus
1293 960 1415 1000 integra
1439 959 1586 1001 apposuit
1615 962 1695 999 (279,

88 1026 120 1048 :⁴2
140 1039 173 1041 —
194 1021 265 1057 256.
296 1020 350 1059 Η).
398 1019 578 1060 primarium
602 1019 633 1050 111
657 1019 747 1051 libris
771 1024 890 1061 septem
915 1020 1024 1061 primis
1041 1020 1216 1051 Landoli'us
1238 1019 1385 1051 adhibuit
1401 1020 1555 1052 Orosium.
1576 1031 1614 1051 cx
1638 1031 1698 1060 quo

87 1080 192 1111 omnia
207 1080 283 1111 fere.
310 1089 392 1119 quae
409 1080 448 1111 de
465 1079 584 1111 liberae
608 1079 652 1110 rei
675 1080 821 1121 publicae
838 1080 1029 1121 temporibus
1045 1084 1222 1111 narrantur
1243 1080 1428 1120 deprompta
1453 1083 1534 1111 sunt.
1583 1079 1698 1111 deinde

87 1140 118 1171 in
149 1140 237 1171 initio
266 1140 336 1171 libri
367 1139 459 1181 primi
489 1140 640 1171 nonnulla
670 1150 709 1170 ex
741 1140 819 1171 libro
849 1140 889 1172 de
912 1140 1031 1180 origine
1055 1140 1158 1181 gentis
1181 1141 1342 1171 Romanae
1366 1150 1426 1171 non
1451 1150 1498 1179 eo,
1525 1149 1617 1180 quem
1641 1140 1699 1171 ha—

88 1200 214 1238 bemus⁷
246 1200 302 1231 sed
325 1203 426 1239 aucto,
454 1200 579 1240 qualem
603 1200 670 1240 ipse
694 1200 814 1231 Paulus
836 1200 964 1233 habuit.
991 1201 1031 1231 ab
1054 1200 1114 1231 1100
1137 1200 1254 1231 omissa
1277 1200 1436 1241 supplevit
1463 1200 1545 1239 (227,
1576 1205 1615 1232 10.
1647 1206 1674 1228 17
1688 1211 1693 1231 :

89 1261 160 1297 228,
187 1261 227 1299 5).
267 1259 377 1291 tertius
401 1260 429 1291 ei
452 1263 560 1291 auctor
576 1259 635 1291 fuit
650 1259 870 1300 Hieronymus.
899 1260 986 1291 cuius
1003 1260 1099 1291 verba
1115 1263 1239 1301 praeter
1262 1261 1333 1290 230.
1365 1265 1403 1299 lo,
1431 1261 1504 1292 322.
1532 1265 1562 1288 27
1587 1269 1699 1291 manus

89 1319 190 1351 altera
218 1319 251 1350 in
276 1319 369 1350 litura
397 1319 515 1351 adiecit
549 1320 630 1358 (295.
658 1326 690 1351 ,ῆς
726 1321 797 1351 308.
825 1325 874 1353 2s;
910 1322 980 1359 314,
1008 1327 1039 1351 5:
1075 1321 1147 1359 3177
1174 1327 1232 1350 ab.
1279 1323 1409 1360 quartus
1432 1319 1571 1351 accedit.
1605 1330 1697 1359 quem

88 1389 149 1410 non
172 1379 317 1411 adhibuit
339 1379 468 1411 Paulus.
495 1380 691 1420 Nepotianus
715 1380 900 1421 epitomator
916 1380 1033 1411 Valerii
1054 1380 1193 1413 Maximi,
1221 1380 1309 1411 cuius
1333 1379 1585 1411 narratiunculas
1608 1379 1698 1419 quasi

87 1439 207 1471 lumina
237 1439 387 1470 historiae
418 1449 494 1471 suae
518 1439 693 1471 Landolfus
716 1440 862 1477 inseruit.
898 1450 998 1480 eaque
1022 1444 1171 1480 excerpta
1201 1440 1268 1471 sola
1292 1440 1357 1471 fere
1386 1440 1468 1472 inter
1491 1439 1697 1471 Landolfiana

87 1499 182 1531 hodie
213 1499 353 1540 aliquam
378 1499 544 1531 utilitatem
568 1500 696 1531 habent.
744 1510 814 1531 nam
840 1500 1010 1541 epitomae.
1045 1500 1133 1531 cuius
1157 1500 1210 1540 qui
1237 1500 1330 1532 hodie
1353 1503 1441 1532 extat
1465 1500 1563 1532 codex
1587 1500 1698 1531 unicus

86 1559 118 1591 in
141 1559 202 1591 tine
226 1559 354 1590 mutilus
378 1563 440 1591 est.
475 1560 615 1591 codicem
642 1560 797 1600 integrum
822 1560 966 1591 adhibuit
990 1560 1164 1591 Landolfus
1188 1563 1218 1591 et
1240 1560 1284 1591 ita
1307 1560 1519 1600 quadraginta
1542 1560 1606 1592 fere
1631 1560 1698 1591 eius

87 1619 191 1660 capita
213 1623 268 1651 aut
289 1619 412 1660 integra
435 1624 490 1651 aut
512 1620 694 1661 epitomata,
721 1630 802 1660 quae
818 1620 1050 1661 composuimus
1067 1620 1098 1651 in
1115 1620 1251 1651 Hermae
1268 1620 1428 1651 volumine
1444 1630 1506 1651 xm
1532 1621 1601 1660 (122
1620 1621 1693 1660 sq).

89 1680 175 1711 solus
198 1679 346 1711 servavit.
385 1680 458 1711 inde
482 1690 501 1711 a
523 1680 602 1711 libro
626 1680 759 1722 septimo
782 1684 906 1721 praeter
922 1680 1065 1712 Orosium
1086 1683 1118 1712 et
1133 1680 1359 1721 Hieronymum
1377 1679 1514 1721 epitoma
1529 1684 1699 1721 usurpatur

88 1739 127 1771 de
151 1739 215 1771 vita
238 1742 269 1771 et
291 1739 429 1771 moribus
451 1740 673 1781 imperatorum
697 1740 865 1781 inscripta,
899 1741 973 1771 item
997 1741 1201 1779 Anastasius.
1236 1740 1288 1780 qui
1319 1750 1388 1771 cum
1416 1740 1635 1773 additamenta
1657 1740 1698 1772 ad

88 1799 179 1830 Pauli
202 1799 298 1830 libros
320 1809 485 1831 xm—xvl
513 1801 729 1839 (X1111-—xvnl
753 1800 865 1840 Land.)
894 1800 1000 1831 omnia
1022 1800 1087 1832 fere
1111 1800 1362 1832 subministravit
1383 1804 1447 1832 111111
1471 1801 1503 1832 111
1527 1811 1575 1840 ea,
1603 1811 1697 1840 quam

89 1869 145 1890 nos
177 1859 355 1892 omisimus.
390 1859 546 1892 Historiae
570 1861 730 1892 Romanae
760 1864 849 1901 parte
877 1860 962 1891 solus
992 1860 1057 1892 fere
1085 1860 1258 1901 expilatur;
1292 1870 1312 1891 a
1335 1860 1414 1891 libro
1437 1870 1493 1891 suo
1516 1869 1578 1891 vm
1608 1870 1699 1901 prae—

88 1923 176 1951 terea
204 1919 308 1951 Rufini
334 1919 505 1951 Historiam
535 1921 789 1952 Ecclesiasticam
821 1920 996 1951 Landolfus
1026 1920 1189 1952 exscribit.
1224 1931 1243 1951 a
1273 1920 1352 1951 libro
1375 1929 1410 1951 XI
1434 1919 1603 1951 Historiam
1628 1920 1699 1951 Tri-

89 1980 253 2020 partitam:
274 1984 439 2021 praeterea
454 1983 565 2021 quater
580 1980 724 2011 Iordanis
741 1980 853 2012 Getica
868 1980 1021 2020 expilavit
1042 1981 1122 2019 (203.
1139 1988 1172 2013 o:
1193 1982 1264 2017 219.
1286 1987 1317 2013 s:
1338 1981 1409 2020 3447
1430 1987 1477 2012 33:
1498 1982 1570 2013 362.
1590 1981 1629 2020 27)
1646 1981 1694 2019 3⁰).

87 2039 221 2080 singulis
252 2040 328 2071 locis
352 2040 471 2072 Bedam
501 2042 582 2079 (356.
610 2042 670 2079 415).
705 2040 849 2081 Gregorii
879 2040 1023 2080 dialogos
1052 2041 1139 2077 (374.
1170 2042 1230 2079 12).
1266 2040 1356 2071 Pauli
1379 2040 1549 2071 Historiam
1574 2041 1700 2081 Lango-

86 2099 254 2131 bardorum
283 2101 363 2139 (374.
394 2106 433 2131 18.
463 2101 525 2140 28).
552 2100 593 2131 ad
617 2111 711 2140 quam
734 2100 767 2131 in
790 2100 894 2141 operis
917 2103 1006 2141 parte
1029 2099 1120 2131 nobis
1143 2100 1367 2141 praetermissa
1389 2100 1581 2140 aliquotiens
1605 2100 1698 2132 rediit

91 2160 129 2199 (v.
156 2170 186 2200 p.
214 2160 285 2190 375.
314 2161 400 2200 376).

170 2219 217 2250 Ex
229 2219 280 2250 his
291 2220 473 2251 auctoribus
489 2230 550 2252 non
566 2220 725 2261 descripta
741 2230 822 2260 quae
836 2221 982 2260 leguntur
994 2219 1079 2261 apud
1093 2220 1293 2259 Landolfum,
1309 2220 1552 2261 composuimus
1569 2224 1603 2252 ut
1615 2223 1698 2251 recte

86 2282 117 2310 et
132 2279 226 2311 facile
243 2279 282 2311 de
299 2279 496 2312 Landolfiani
512 2280 615 2322 operis
632 2280 818 2312 auctoritate
835 2280 968 2312 iudicari
984 2280 1084 2321 possit
1099 2284 1131 2312 et
1145 2280 1172 2311 si
1188 2280 1264 2321 quid
1280 2291 1336 2312 nos
1352 2281 1451 2321 fugit,
1471 2291 1490 2312 a
1507 2280 1697 2312 doctioribus

86 2339 262 2380 expleatur.
295 2350 312 2372 e
327 2340 444 2380 glossis
460 2340 501 2371 ad
517 2343 689 2379 auctorum.
710 2350 787 2381 quos
802 2340 958 2379 adhibuit,
978 2340 1152 2381 marginem
1169 2341 1338 2382 adscriptis
1354 2344 1421 2372 orta
1437 2341 1584 2372 videntur
1600 2341 1692 2372 haec:

171 2401 243 2438 279,
272 2406 286 2429 ι’)
310 2400 364 2431 alii
388 2399 497 2431 dicunt
519 2400 649 2440 triginta
676 2401 784 2440 (annos
807 2401 923 2432 bellum
948 2400 1122 2432 Mithridati
1147 2404 1256 2432 contra
1278 2402 1438 2432 Romanos
1461 2401 1584 2432 fuisse.

173 2460 244 2498 353,
272 2466 303 2489 :30
327 2459 452 2491 nomine
477 2460 674 2492 Claudianus
707 2460 769 2499 (ubi
792 2460 897 2501 agitur
919 2460 958 2492 de
981 2460 1126 2492 versibus
1156 2461 1188 2492 in
1213 2461 1362 2492 honorem
1385 2461 1575 2492 Theodosii:
1609 2471 1626 2491 0
1650 2461 1699 2492 111-

85 2518 181 2550 mium
206 2520 305 2559 etqs)

154 2615 193 2643 250)
216 2614 245 2637 de
270 2615 347 2644 primo
372 2615 528 2645 secundoque
553 2617 603 2638 loco
629 2616 736 2638 dubitari
761 2619 855 2645 potest.
883 2623 942 2638 1111111
962 2616 1097 2639 Landolfus
1116 2617 1225 2639 Iordanis
1244 2616 1329 2639 Getica
1355 2617 1493 2645 usurparit:
1522 2616 1562 2638 1110
1585 2615 1651 2644 (203,
1674 2616 1695 2645 9)

88 2657 250 2686 Theoderico,
277 2664 350 2686 quen]
371 2658 461 2680 Paulus
486 2659 610 2687 nominat,
639 2662 703 2682 recte
723 2659 930 2683 Thorismundum
957 2660 1085 2682 substituit
1108 2662 1151 2682 aut
1169 2659 1271 2682 Iordane
1295 2659 1408 2688 inspecto
1427 2661 1470 2681 aut
1489 2659 1624 2681 seeundum
1645 2659 1699 2688 ipsa

86 2700 197 2728 Paulina,
219 2707 281 2729 quae
301 2700 450 2729 praecedunt
469 2700 526 2730 203,
549 2705 577 2730 ἲς
598 2701 714 2724 similiter
732 2701 790 2727 219,
809 2709 820 2722 s
842 2703 912 2724 verba
933 2703 1030 2730 ‘generi
1051 2705 1153 2725 tutorem
1174 2702 1320 2724 Athalarici'
1340 2702 1366 2724 in
1386 2701 1496 2724 Paulinis
1515 2702 1647 2725 codicibus.
1669 2702 1698 2724 ‹le

85 2743 176 2773 quibus
195 2743 265 2766 nobis
283 2743 382 2772 quidem
401 2746 510 2772 constat,
537 2744 626 2766 omissa
649 2747 715 2766 reete
734 2745 823 2767 adiecit
842 2748 883 2767 aut
902 2751 931 2767 ex
953 2745 1056 2767 Iordane
1075 2748 1118 2767 aut
1137 2745 1203 2767 sacili
1223 2751 1281 2767 saue
1300 2744 1438 2766 coniectura
1457 2747 1482 2766 et
1503 2745 1614 2773 ‘generi'
1635 2746 1698 2767 vocis

86 2785 285 2815 interpolatione.

163 2835 299 2854 Evrnomvs.
1486 2837 1494 2862 i
