2023 3093
822 158 1027 185 AI’I'ENDIX.

379 262 391 277 e
411 255 462 277 cod.
485 255 610 278 Vaticano.

111 311 187 329 suani
207 311 327 329 sororem
348 304 493 334 dirigeret.
519 305 617 329 iterum
644 305 761 329 intraret
780 305 807 329 in
829 305 882 330 Ita-

112 347 174 371 liam
195 350 221 371 ct
243 346 337 378 peiora
357 347 395 372 ibi
416 346 531 375 faceretv
553 355 633 380 quam
653 346 776 373 fecisset.

180 389 321 415 Reversus
345 392 438 415 autem
462 389 554 415 Attila
581 390 616 415 ad
645 390 770 422 proprias
799 390 880 414 sedes

112 432 175 456 tulit
201 439 312 457 uxorem
337 432 446 457 nominc
466 432 570 457 Ildicco
590 440 671 463 supra
692 432 791 457 multas
812 432 880 457 alias

112 482 220 503 uxores,
242 482 310 508 quas
330 474 461 500 habebat.
495 473 562 500 fecit
576 474 707 500 conviviav
720 475 833 500 inultam
853 478 879 499 ct

111 517 184 542 bibit
203 517 317 541 multum
337 517 438 546 vinum,
465 520 597 550 <plantum
622 525 769 549 numquam
797 520 877 542 antea

111 559 232 589 biber-an
256 559 355 585 solitus
374 567 490 592 namque.
510 560 535 585 ei
555 562 614 585 erat
629 559 703 585 exire
718 559 830 590 sanguis
845 559 879 584 de

111 602 231 627 naribus.
271 602 317 635 qui
336 609 396 627 cum
416 602 531 635 supinus
553 602 667 631 iaceret,
689 602 835 627 descendit
855 602 880 627 ei

110 645 223 676 sanguis
243 645 277 670 de
296 645 409 670 naribus
429 644 455 669 in
475 648 587 676 gutture
607 649 635 670 ct
653 645 806 670 suffocatus
826 647 878 670 est.

111 687 137 711 in
158 687 218 719 ipsa
238 690 319 711 nocte
339 687 468 720 apparuit
483 687 616 712 Dominus
635 687 661 712 in
676 687 797 720 sompnis
812 687 882 712 Mar-

111 729 372 762 cian‹›.i1nperatori
392 730 418 755 in
433 729 702 762 Constautinopolim
723 733 750 754 et
770 730 882 755 demon-

110 772 210 797 stravit
230 772 255 797 ei
275 779 367 797 arcum
386 771 494 797 Attilae
516 771 635 797 fractum
655 780 696 800 eo,
719 772 792 805 quod
813 779 881 804 gens

110 816 251 841 Vnum·um
271 815 384 840 multum
405 815 584 841 confidebant
603 815 630 840 in
650 815 771 847 sagittis.

1669 161 1730 190 389

1199 262 1212 277 e
1231 256 1283 278 cod.
1306 256 1488 284 Bambergensi.

961 305 1074 335 rigeret,
1103 305 1201 330 iterum
1221 305 1337 330 intraret
1357 305 1383 330 iu
1404 305 1512 330 ltaliam
1532 309 1559 330 ct
1579 305 1670 337 peiora
1693 305 1729 329 ibi

961 347 1075 374 faceret,
1097 355 1178 380 quam
1198 347 1320 373 fecisset.

1028 390 1180 415 Procidens
1214 393 1350 420 (reversus
1377 390 1420 414 ⁷12²*
1455 393 1547 415 autem
1576 389 1664 415 Attila
1693 390 1728 415 ad

960 432 1086 465 proprias
1115 433 1197 458 sedes
1222 433 1286 458 tulit
1312 441 1423 458 uxorem
1449 433 1557 458 nominc
1584 432 1728 464 llildiguth

960 482 1042 507 super
1060 475 1161 501 multas
1180 476 1250 501 alias
1270 483 1377 503 uxores,
1403 483 1471 508 quas
1490 475 1622 500 babebat.

959 517 1054 549 itaque
1069 517 1197 543 convivia
1210 518 1296 543 multa
1309 521 1337 544 et
1350 518 1467 543 bibebat
1480 519 1582 546 vinum,
1598 521 1728 550 quantuni

959 567 1106 592 numquam
1120 564 1200 585 antea
1220 561 1350 589 bibcbat;
1373 561 1471 586 solitus
1491 568 1606 593 namque
1627 563 1686 585 erat
1706 560 1729 584 ci

960 602 1036 627 exire
1061 603 1174 634 sanguis
1202 603 1236 628 de.
1261 603 1374 628 naribus
1403 606 1439 628 let
1464 604 1617 628 suffocatus
1641 606 1683 627 est
1704 602 1730 627 in

961 645 1020 677 ipsa
1031 647 1115 676 pergyit
1131 646 1164 669 ml
1179 648 1226 670 del.
1241 646 1298 676 qn‘2).
1337 646 1382 679 qui
1402 654 1462 671 cum
1482 646 1596 678 supinus
1615 646 1728 675 iaceret,

961 687 1108 712 descendit
1133 688 1157 712 ci
1181 688 1207 713 in
1227 691 1340 720 gutture
1364 691 1467 720 guttur
1487 689 1529 717 1112)
1557 688 1670 719 sanguis
1696 688 1730 712 de

960 730 1073 755 naribus
1094 733 1121 755 et
1141 731 1294 756 suffocatus
1314 735 1365 756 est.
1404 731 1431 756 in
1456 731 1515 763 ipsa
1541 734 1623 755 nocte
1648 737 1731 762 appa-

961 773 1016 798 ruit
1047 773 1176 798 dominus
1204 774 1229 798 in
1258 774 1361 798 somnis
1386 774 1547 798 Marcellino
1572 773 1730 806 imperatori

962 816 988 840 iu
1009 815 1279 849 Cons-tantinopolim
1310 816 1552 848 Constantinopoli
1571 816 1615 845 φιτ-’ῃ
1639 818 1666 840 et
1686 815 1733 840 de-

962 859 1129 884 monstravit
1154 859 1179 884 ei
1204 867 1297 884 arcum
1317 858 1425 884 Attilae
1445 858 1564 884 fractum
1589 866 1631 885 eo,
1659 857 1732 891 quod

962 908 1030 933 gens
1048 900 1189 927 Vunorum
1209 902 1324 927 multum
1344 901 1522 927 confidebant
1541 901 1568 926 in
1588 901 1708 934 sagittis.

779 1087 940 1128 LIBER
968 1087 1060 1128 XVI.

380 1175 392 1190 e
412 1169 464 1191 cod⁴
486 1168 612 1190 Vaticano.

222 1217 361 1243 INCIPIT
380 1217 544 1244 EIVSDEM
565 1217 677 1243 LIBER
696 1216 772 1242 XVI.

180 1269 315 1294 Cessante
341 1269 394 1294 iam
419 1269 560 1294 Romanae
586 1269 661 1294 urbis
690 1268 806 1301 imperio
831 1268 884 1293 uti-

112 1312 220 1345 liusque
252 1311 399 1344 aptiusque
430 1311 495 1336 milii
526 1311 638 1337 videtur
666 1311 701 1336 ab
726 1311 805 1336 annis
835 1311 883 1335 do-

112 1354 229 1379 minicae
253 1354 452 1379 incarnationis
480 1354 686 1387 supputationis
711 1354 810 1378 lineam
836 1353 883 1378 de-

113 1397 227 1426 ducere,
256 1404 309 1430 quo
335 1396 455 1425 facilius,
482 1396 547 1430 quid
567 1404 621 1429 quo
646 1400 770 1429 tempore
790 1398 881 1421 actum

112 1440 157 1470 sit,
178 1439 267 1471 possit
286 1439 409 1471 agnosci.

180 1481 261 1507 Anno
280 1481 316 1507 ab
334 1481 523 1507 incarnatione
538 1481 649 1507 Domini
663 1487 801 1507 ccccxcn
821 1484 883 1514 post

113 1525 230 1550 Zenonis
250 1531 393 1550 excessum
407 1523 575 1549 Anastasius
595 1524 738 1556 imperium
763 1524 881 1557 accepity

113 1567 159 1601 qui
184 1567 317 1600 septimus
344 1570 372 1592 et
389 1566 619 1598 quadragesimus
645 1567 670 1591 in
696 1574 808 1599 regnum
832 1574 883 1591 nu—

113 1617 187 1635 mero
202 1610 305 1635 extitit.
330 1609 374 1634 hic
389 1609 505 1634 Romani
521 1609 606 1634 decus
620 1609 727 1642 imperii
741 1609 884 1635 Euthicia-

113 1660 163 1678 uae
184 1652 332 1678 haereseos
352 1652 456 1677 inluvie
476 1652 635 1678 maculavit.
676 1652 757 1677 liuius
779 1655 884 1685 tempo-

113 1695 190 1721 ribus
209 1702 307 1727 magna
328 1694 469 1720 discordia
490 1693 564 1719 sacta
584 1697 627 1720 est
645 1694 750 1719 Romae
770 1698 884 1727 propter

113 1738 278 1763 electionem
298 1737 427 1770 Symachi
453 1740 481 1762 ct
501 1737 656 1767 Laurentii3
689 1737 736 1762 alii
764 1745 882 1770 namque

114 1780 257 1813 elegerant
275 1780 454 1805 Laurentium
474 1782 502 1804 ct.
520 1779 567 1804 alii
587 1779 735 1812 Symachu,
765 1783 794 1805 ut
814 1779 884 1805 Fau-

113 1826 174 1848 stus
193 1826 351 1848 senatorum
371 1822 559 1848 nobilissimus
579 1825 607 1847 et
620 1823 752 1847 exconsul
772 1826 799 1848 et
812 1823 883 1848 alius

114 1865 244 1891 exconsul
270 1865 407 1890 Probinus
432 1864 574 1890 Laurentii
606 1865 731 1897 partibus
756 1864 883 1891 faventes

114 1909 248 1934 adversus
268 1908 400 1933 Faustum
421 1907 598 1932 exconsulem
618 1910 809 1940 caeterosque,
837 1908 882 1941 qui

114 1950 251 1984 Symacho
265 1949 464 1978 adhaerebant,
481 1949 606 1982 pontifici
620 1950 722 1975 bellum
737 1949 881 1980 inferrent,

114 1994 270 2026 multasque
295 1993 396 2018 caedes
422 1996 450 2018 et
474 1992 622 2018 homicidia
650 1993 676 2017 in
696 1993 786 2018 medio
807 1993 883 2019 urbis

114 2035 249 2062 facientes
268 2035 415 2068 plerosque
429 2035 619 2060 exacerdotali
638 2043 760 2065 numero,
782 2036 883 2061 multas

117 2081 192 2109 (corr.
209 2081 232 2103 in
247 2079 355 2108 multos)
379 2078 463 2103 etiam
482 2078 654 2107 clericorum,
681 2078 824 2111 perplures
847 2079 883 2103 ci-

114 2122 188 2148 vium
208 2121 393 2147 Romanorum
413 2121 618 2152 extinguerent3
649 2124 741 2146 tamen
764 2121 800 2146 ad
820 2122 883 2147 ulti-

114 2172 185 2189 mum
200 2164 327 2190 vicerunt
345 2163 394 2193 illi,
417 2163 462 2196 qui
480 2170 513 2188 ex
527 2165 606 2196 parte
620 2163 749 2196 symachi
764 2166 842 2190 erant
856 2167 884 2190 et

114 2208 203 2241 ipsum
220 2207 418 2232 ordinaverunt
437 2214 518 2239 papa.

183 2249 223 2274 Eo
247 2252 371 2282 tempore
394 2249 636 2279 Transamundus,
667 2249 713 2281 qui
736 2249 884 2275 Hunnuru-

114 2300 173 2318 cum
200 2291 278 2318 fratri
304 2300 353 2317 suo
375 2291 449 2324 apud
468 2290 593 2316 Africam
613 2291 639 2316 in
659 2299 772 2324 regnum
792 2291 884 2318 Guan-

116 2335 241 2361 dalorum
262 2337 444 2363 successerat,
472 2332 567 2359 fratris
587 2334 631 2360 vel
656 2335 729 2367 patri
749 2334 882 2360 Gciserici

115 2381 227 2403 secutus
246 2377 389 2410 perfidiam
411 2377 512 2402 clausis
536 2376 735 2402 catholicorum
756 2378 884 2403 ecclesiis

115 2425 143 2446 et
167 2420 279 2446 ducenti
305 2419 404 2451 vig-riuti
425 2419 571 2451 episcopos
591 2420 734 2445 mandavit
753 2420 780 2445 in
800 2421 884 2446 exilio

115 2464 141 2489 in
162 2462 305 2491 Sardinia,
333 2461 433 2495 quibus
459 2461 558 2487 beatus
577 2470 649 2494 papa¹
667 2462 820 2495 Symachus
840 2470 885 2487 co-

115 2506 220 2531 tidiana
238 2504 364 2530 subsidia
377 2504 534 2529 ministrare
550 2513 602 2529 non
617 2505 736 2531 destitit.
770 2506 796 2530 in
816 2506 884 2538 ipsis

1200 1226 1212 1241 e
1233 1220 1283 1242 cod.
1307 1220 1489 1248 Bambergcusi

1031 1270 1166 1295 Cessante
1186 1269 1238 1294 iam
1259 1269 1374 1302 imperio
1394 1270 1428 1295 de
1449 1270 1534 1295 Roma
1555 1272 1648 1301 aptum
1669 1268 1733 1293 mihi

963 1312 1082 1339 videtur,
1100 1315 1129 1337 ut
1143 1312 1178 1337 ab
1191 1313 1270 1337 annis
1286 1312 1442 1337 dominicae
1453 1312 1651 1337 incarnationis
1663 1319 1735 1336 com-

963 1357 1106 1386 putemus7
1134 1357 1164 1379 ut
1190 1355 1279 1387 possit
1302 1355 1382 1380 homo
1401 1362 1566 1387 agnoscere,
1595 1354 1661 1388 quid
1681 1361 1734 1386 quo

962 1400 1086 1430 tempore
1106 1396 1209 1422 sactum
1229 1397 1274 1423 sit.

1031 1481 1111 1507 Anno
1137 1482 1171 1507 ab
1200 1482 1391 1508 incarnatione
1418 1482 1521 1508 domini
1550 1482 1758 1515 quadringen-'

964 1525 1062 1550 tesimo
1082 1525 1262 1557 nonagesimo
1282 1525 1405 1550 secundo
1432 1528 1495 1557 post
1515 1528 1629 1550 mortem
1649 1525 1735 1550 Zeno-

963 1567 1005 1592 nis
1026 1567 1201 1601 impcratm-is
1222 1566 1390 1593 Anastasius
1415 1567 1558 1599 imperium
1577 1568 1687 1599 accepit
1706 1567 1733 1592 iu

963 1610 1232 1642 (¹1mstautinopolim
1256 1609 1506 1642 ((j⁴onstanti1wpoli
1526 1610 1589 1638 m’2),
1617 1610 1662 1643 qui
1689 1609 1735 1635 he-

963 1661 1050 1678 resem
1070 1653 1173 1678 Euticii
1199 1653 1315 1678 heretici
1340 1656 1452 1678 secutus
1477 1654 1529 1678 cst.
1568 1652 1648 1678 istius
1668 1655 1735 1677 tem-

962 1696 1075 1727 poribus
1098 1703 1196 1727 magna
1215 1695 1354 1721 discordia
1376 1694 1451 1720 facta
1470 1698 1513 1721 est
1531 1695 1635 1720 Romae
1654 1702 1734 1728 prop-
1773 1700 1781 1717 -ῒ

964 1741 1005 1764 ter
1025 1738 1189 1764 electionem
1209 1738 1358 1763 Simmachi
1379 1741 1407 1763 et
1423 1738 1577 1767 Laurentii;
1600 1738 1647 1763 alii
1661 1745 1734 1763 nam-

963 1789 1016 1814 que
1030 1781 1173 1813 elegeraut
1186 1781 1368 1805 Laurencium
1389 1784 1416 1806 ct
1435 1781 1483 1806 alii
1497 1780 1664 1810 Simacbum,
1685 1788 1734 1812 pro

962 1831 1014 1856 qua
1045 1831 1129 1849 causa
1157 1822 1244 1848 multa
1272 1822 1422 1848 homicidia
1453 1823 1479 1848 in
1511 1823 1602 1848 medio
1630 1823 1734 1848 Romae

964 1865 1039 1891 facta
1059 1869 1131 1895 sunt,
1160 1869 1251 1891 tamen
1270 1866 1305 1891 ad
1326 1866 1450 1891 ultimum
1470 1866 1596 1891 vicerunt
1616 1865 1665 1893 illi,
1688 1865 1732 1898 qui

963 1917 996 1934 ex
1016 1911 1095 1940 parte
1115 1908 1235 1934 Simachi
1260 1912 1348 1935 erant.
1376 1912 1403 1934 et
1427 1908 1517 1940 ipsum
1535 1908 1734 1933 ordinaverunt

961 1958 1069 1983 papam.

1032 2250 1136 2275 Eodem
1157 2253 1280 2281 tempore
1294 2250 1512 2277 'ri-asm1111ndus.
1534 2250 1580 2282 qui
1594 2249 1734 2275 l‘lonorico

963 2292 1040 2318 fratri
1061 2300 1111 2318 suo
1131 2293 1204 2326 apud
1224 2291 1348 2318 Africam
1371 2292 1397 2317 in
1420 2300 1504 2324 regno
1526 2292 1732 2318 Guamlaloruln

962 2338 1146 2363 successz‘a'at,
1168 2335 1269 2360 clausit
1282 2342 1377 2360 omnes
1391 2334 1525 2360 ecclesias
1539 2334 1692 2360 catholicas
1706 2337 1734 2360 et

964 2379 1101 2404 ducentos
1128 2377 1227 2409 viginti
1248 2377 1393 2410 episcopos
1413 2377 1555 2403 mandavit
1574 2377 1601 2402 iu
1621 2377 1731 2402 exilium

963 2422 989 2446 in
1010 2420 1151 2450 Sardinia;
1181 2420 1280 2445 beatus
1300 2428 1365 2446 vero
1385 2428 1453 2452 papa
1476 2419 1647 2445 snmnaehus
1666 2419 1736 2445 coti—

964 2464 1008 2489 die
1034 2463 1178 2488 mandavit
1203 2463 1308 2488 eisdem
1334 2462 1474 2495 episcopis
1499 2462 1564 2487 illuc
1589 2462 1616 2487 in
1641 2462 1735 2487 Sardi-

963 2507 1045 2533 niam,
1081 2505 1153 2530 uude
1179 2506 1315 2531 viverent.
1354 2506 1381 2530 in
1410 2505 1477 2538 ipsis
1505 2504 1604 2530 diebus
1628 2503 1682 2530 fuit
1707 2505 1733 2530 in

116 2623 127 2640 :³
149 2624 264 2640 reuersus
284 2619 322 2639 est
357 2615 365 2648 ΙΙ
402 2621 412 2639 4
440 2617 561 2645 propriam
582 2617 664 2639 sedern
685 2620 709 2639 et
729 2619 788 2640 tulit
823 2616 832 2648 ΙΙ
867 2619 966 2640 nomine
987 2618 1057 2640 ildico
1077 2624 1150 2646 quani
1171 2618 1263 2639 amauit
1282 2624 1356 2646 super
1391 2615 1400 2648 ΙΙ

149 2667 197 2690 que
222 2668 269 2682 om.
306 2658 315 2691 ΙΙ
352 2660 414 2681 bibit
448 2657 457 2689 Η
493 2663 503 2681 7
531 2662 602 2681 antea
627 2667 672 2683 οηι.

151 2703 253 2732 quidam
273 2706 297 2724 et
332 2700 341 2732 ΙΙ

151 2745 277 2768 contentio
295 2746 359 2767 iuter
379 2751 487 2767 romanos
523 2742 532 2775 ΙΙ

148 2795 193 2810 om.
231 2785 240 2818 ΙΙ
276 2794 377 2815 regnum
413 2785 423 2818 ΙΙ
459 2791 485 2809 ῑςῖ
509 2787 639 2811 mandabat

710 2659 720 2691 Η
754 2661 847 2682 biberat
883 2659 892 2692 ΙΙ
931 2665 958 2684 12
984 2661 1096 2683 domiuus
1121 2667 1168 2683 om.
1205 2658 1215 2691 U

382 2706 408 2724 15
435 2702 572 2724 confidebat
607 2700 616 2733 ΙΙ
656 2707 681 2725 lu
709 2704 853 2732 imperatore
888 2702 897 2734 ΙΙ
937 2708 961 2726 17
990 2703 1063 2725 michi
1099 2701 1108 2733 Η
1145 2706 1173 2725 21·
1200 2708 1302 2724 cccc-11·
1339 2700 1348 2733 ΙΙ

568 2749 597 2767 2⁶3
627 2745 733 2773 *inachi
753 2752 844 2774 semper
878 2744 888 2777 H
925 2749 952 2769 27
981 2746 1131 2768 laurentium
1167 2743 1176 2776 ΙΙ

1438 2622 1449 2639 5
1470 2619 1494 2639 et
1513 2617 1571 2638 fecit
1605 2614 1614 2647 ΙΙ
1652 2621 1663 2638 ιῑ
1684 2617 1732 2638 ita-

1646 2663 1671 2681 ιῑι
1698 2657 1733 2690 εὶ]

1385 2706 1412 2725 21
1440 2703 1591 2731 temporibus
1613 2703 1676 2724 ras-ta
1695 2705 1733 2724 est

1251 2660 1361 2689 sompnis
1396 2657 1405 2690 ΙΙ
1441 2660 1561 2681 marciano
1596 2657 1605 2690 ΙΙ

1213 2750 1241 2768 :32
1263 2744 1392 2767 honorifico
1426 2743 1435 2775 Η
1473 2749 1501 2767 33
1521 2745 1628 2767 affricam
1663 2742 1672 2775 ΙΙ
1708 2745 1732 2766 in

1662 474 1729 500 fecit
1751 480 1757 495 -'

1755 691 1780 709 ΙΟ

1755 1913 1783 1930 :50

1755 2382 1784 2400 :55
