2023 3093
831 168 1032 195 APPENDIX.
1678 171 1737 200 :393

391 272 403 287 e
423 265 475 288 cod.
498 265 626 287 Vaticano.

125 313 247 346 privavit
265 314 341 339 illum
361 322 377 339 a
395 314 593 343 cmnmunione,
615 314 726 346 insuper
745 314 833 339 suasit
846 314 895 338 im-

125 357 256 388 peratori,
279 360 308 381 ut
328 357 445 382 eundem
466 357 626 389 episcopum
645 357 672 381 iu
689 356 800 381 exilium
821 364 894 381 man—

125 399 214 424 daret.
253 399 303 424 hoe
319 398 393 424 facto
412 408 465 424 non
479 399 564 424 multo
584 402 648 430 post
667 399 740 423 idem
754 398 893 430 Agapitus

124 440 249 473 pontifex
270 441 307 466 ibi
335 442 361 466 111
381 441 651 473 Constantinopolim
671 440 819 466 defunctus
839 444 891 465 est.

192 612 301 636 Interea
324 619 385 636 eum
410 611 463 636 iam
490 618 539 643 per
562 611 664 636 multos
689 619 775 636 annos
799 610 892 635 11111111-

122 654 179 679 dali
200 657 326 679 tenerent
344 653 457 683 Africa,
484 654 560 679 misit
578 657 674 679 contra
694 661 740 679 eos
762 653 891 678 Iustinia-

122 704 183 722 num
204 697 354 729 imperator
372 696 538 722 Belisariuln
558 697 703 728 patricium
728 704 789 721 euni
814 704 891 720 exer-

121 740 187 765 citu.
226 740 373 764 commissa
392 747 484 771 pugna
497 747 557 764 cum
571 739 725 765 (hianda-lis
745 739 846 763 multos
857 746 890 763 ex

121 782 161 807 eis
186 782 288 807 oceidit
314 782 505 814 Hegismerum
529 789 622 813 regem
650 782 772 814 ipsorum
798 781 890 807 vivum

120 824 321 856 conprehendit
347 827 375 849 et
397 824 501 849 direxit
518 831 586 854 ,eum
612 825 639 849 in
659 824 892 855 Constantinopo-

120 867 175 892 lim.
214 867 353 899 Ubartago
380 874 488 899 quoque
507 869 571 899 post
590 874 689 891 annum
709 874 774 892 suae
797 874 891 891 exees—

119 909 205 935 sionis
224 910 431 941 nonagesimum
459 912 568 934 sextum
592 912 704 941 recepta
728 912 778 934 est.
818 909 890 933 Beii-

119 952 220 977 sarium
240 952 387 985 patricium
408 952 502 977 multis
526 952 579 976 iam
604 951 718 983 proeliis
738 952 888 983 gloriosum

120 994 289 1020 lastinianus
306 995 441 1020 adversus
455 994 629 1019 Theodatum
650 1002 711 1019 eum
731 994 828 1026 dirigit
847 997 890 1019 ut-

119 1044 171 1070 que
195 1038 279 1063 etiam
298 1038 407 1063 Italiam
432 1046 448 1062 a
467 1037 619 1063 Gudhorum
646 1037 761 1062 servitio
789 1037 889 1061 libera-

118 1083 161 1105 ret
182 1080 342 1109 (Belisarius
361 1094 390 1097 -
405 1080 537 1105 liberaret
550 1081 587 1103 bis
600 1081 701 1109 scripsit
716 1080 759 1107 11⁶¹,
780 1079 888 1103 Belisa-

119 1122 174 1147 rius
192 1137 225 1139 —
245 1123 341 1155 dirigit
360 1124 424 1146 delet
436 1122 492 1152 ⁷112).
532 1122 684 1147 Belisarius
706 1122 800 1154 itaque
821 1121 885 1146 (lum

117 1165 288 1197 aliquantum
314 1165 446 1197 temporis
469 1165 542 1197 apud
563 1164 695 1197 syciliam
720 1172 823 1189 moram
848 1163 887 1188 sa-

117 1211 200 1237 ceret,
235 1216 281 1233 rex
306 1207 459 1233 (halim-mn
482 1207 645 1232 Theodatus
677 1209 800 1231 mortuus
832 1210 883 1231 est.

117 1250 198 1276 buius
223 1251 250 1275 in
275 1250 336 1275 loco
355 1250 477 1282 Guitigis
503 1249 646 1277 successit,
674 1249 739 1281 quia.
764 1257 827 1273 mox
856 1252 885 1273 ut

116 1300 229 1325 regnum
258 1293 370 1323 invasit,
397 1293 557 1318 Ravennam
582 1292 751 1324 propheetus
771 1290 885 1316 Amala-

116 1336 255 1361 suintham
280 1336 392 1368 reginae
416 1335 500 1360 filiam
526 1342 574 1367 per
600 1335 654 1359 vim
679 1333 806 1359 auferens
831 1333 885 1358 sibi

115 1378 143 1403 in
161 1379 363 1404 matrimonium
382 1378 481 1403 iunxit.

183 1421 320 1453 Egressus
335 1421 369 1446 de
380 1421 485 1454 Syeilia
495 1420 647 1445 Belisarius
661 1419 696 1444 ad
708 1418 885 1451 Campaniam

115 1463 142 1488 in
153 1463 298 1495 Neapolim
309 1463 444 1495 pervenit.
475 1462 652 1494 Neapolitani
666 1461 814 1486 maluerunt
824 1469 885 1486 eum

116 1506 249 1537 recipere;
267 1506 354 1531 iratus
365 1506 517 1531 Belisarius
532 1505 625 1537 eoepit
638 1512 697 1529 eum
712 1507 771 1529 tota
781 1504 885 1529 virtute

115 1555 273 1580 expugnare
287 1548 431 1581 Neapolim
450 1555 566 1580 cumque
585 1555 633 1580 per
653 1547 811 1579 aliquanws
824 1547 885 1571 dies

115 1591 154 1616 ibi
167 1595 311 1623 pugnaret,
327 1598 376 1624 per
389 1591 520 1617 virtutem
534 1589 720 1623 apprehendit
734 1589 821 1619 illam;
839 1589 884 1621 (1111

115 1633 255 1666 ingressus
269 1637 312 1659 est
325 1634 352 1659 in
366 1641 407 1659 ea.
428 1636 506 1659 tanta
519 1632 572 1658 fuit
585 1632 659 1657 illius
673 1632 713 1657 ira
727 1635 824 1657 contra
837 1639 885 1657 eos

116 1684 169 1701 non
188 1677 276 1702 solum
295 1684 378 1708 super
391 1676 506 1705 Gothos,
529 1675 578 1701 sed
591 1675 674 1700 etiam
688 1675 714 1699 in
728 1674 885 1699 hominibus

115 1719 202 1750 ipsius
220 1719 352 1749 civitatis,
379 1722 410 1744 ut
428 1718 496 1743 nulli
515 1718 655 1743 hominum
680 1720 807 1749 parceret
830 1725 883 1742 nou

115 1762 227 1787 senibus
253 1769 341 1794 neque
367 1761 516 1786 iubenibus
538 1760 695 1789 (iuvenibus
711 1759 772 1789 ml),
801 1760 884 1784 etiam

115 1811 165 1829 nee
191 1803 448 1829 sanctimonialibus
473 1802 583 1828 feminis
602 1802 741 1834 pepercit,
770 1802 884 1827 maritos

114 1850 178 1872 ante
202 1846 302 1872 faeiem
327 1846 361 1871 (le
382 1846 439 1871 suis
465 1845 597 1871 uxoribus
618 1844 751 1870 decollari
779 1843 884 1870 faeibat

117 1888 247 1917 <faciebat
261 1890 304 1919 ιη’-’1
332 1892 361 1914 et
386 1889 460 1920 ipsas
486 1895 586 1913 uxores
612 1888 647 1913 de
672 1887 712 1912 illi
742 1887 804 1912 'illis
825 1886 880 1917 m2,

113 1932 159 1964 qui
178 1938 254 1964 ‘quos
268 1931 311 1961 1112)-
328 1931 416 1956 oeeidi
430 1930 543 1957 fecerat.
566 1930 691 1963 captivas
706 1930 806 1954 exinde
822 1937 884 1961 por-

113 1975 184 2000 tavit
203 1982 256 1999 una
275 1982 335 1999 cum
356 1973 419 1999 filiis
439 1973 561 1999 illarum:
586 1973 677 1997 onmia
697 1972 881 2005 depraedavit

113 2017 197 2042 etiam
218 2017 293 2049 ipsas
313 2020 423 2041 sanctas
443 2015 576 2041 eeclesias
595 2015 757 2047 expoliavit.

179 2068 282 2093 Exiens
308 2068 343 2093 de
363 2067 507 2099 Neapolim
532 2066 623 2091 babiit
646 2065 735 2091 Roma
759 2065 881 2093 [Romam

112 2110 171 2141 1122),
204 2110 324 2136 intrante
349 2110 504 2139 (intrantem
524 2108 567 2137 11ιῆ
589 2115 621 2133 eo
647 2108 675 2133 iu
700 2107 788 2133 Roma
813 2112 879 2133 tunc

111 2152 210 2183 Gothi,
238 2153 284 2186 qui
303 2152 341 2178 ibi
360 2152 508 2177 habitabat
530 2150 705 2182 (habitabant
718 2150 772 2181 1112),
802 2158 880 2183 egre-

111 2196 220 2221 dientes
249 2195 348 2220 exinde
376 2197 458 2220 nocte
485 2197 512 2220 et
536 2196 632 2227 portas
657 2196 768 2225 apertas
798 2193 880 2218 reliu-

110 2241 227 2271 quentes
244 2237 384 2270 fugierunt
397 2237 573 2263 Ravennam:
596 2236 717 2268 Guitigis
737 2239 829 2261 autem
848 2238 879 2261 ut

110 2281 177 2306 talia
196 2280 335 2313 cognovit,
358 2280 452 2305 statim
466 2287 526 2304 cum
543 2286 642 2311 magno
661 2279 812 2304 exereitum
832 2286 879 2304 ve-

110 2324 151 2348 nit
174 2323 289 2348 Romam
314 2326 411 2348 contra
434 2322 608 2347 Belisarium.
648 2321 746 2347 videns
772 2321 877 2346 Belisa-

111 2366 175 2396 rins,
197 2366 262 2398 quia
280 2373 335 2390 non
354 2365 440 2390 habet
457 2367 552 2397 aptum
571 2368 679 2397 tempus
704 2364 738 2389 ad
758 2371 881 2396 pugnan-

111 2409 184 2438 dum,
206 2408 307 2434 elausit
327 2414 355 2433 se
370 2408 443 2433 intus
457 2407 572 2432 Romam
586 2410 614 2432 et
627 2406 720 2439 posuit
736 2406 877 2435 custodes,

110 2451 157 2484 qui
183 2458 242 2476 eam
267 2458 301 2476 ex
320 2450 393 2475 omni
418 2453 497 2482 parte
519 2449 675 2475 custodiret
696 2449 879 2479 (custodirent

111 2494 166 2524 7122).
205 2494 310 2518 interea
329 2492 414 2518 Gothi
440 2492 570 2517 obsidere
594 2494 744 2524 coeperunt
763 2491 877 2517 Romam

110 2539 138 2562 et
157 2536 249 2561 omnia
268 2543 316 2568 per
337 2535 482 2560 circuitum
502 2534 720 2567 depraedabant,
748 2537 880 2567 quantos-

109 2586 225 2612 cumque
244 2577 377 2603 Romanis
394 2577 543 2607 {Romanos
557 2576 598 2607 mli
621 2576 802 2602 inveniebant
820 2577 878 2609 gla-

109 2622 156 2647 dio
175 2620 384 2653 extinguebant,
406 2622 507 2644 cuneta
522 2619 585 2644 loca
598 2626 677 2644 sacra
691 2619 875 2648 denudantes,

109 2664 176 2697 ipsis
194 2663 277 2689 etiam
292 2662 491 2688 venerabilium
512 2665 662 2695 martyrum
682 2661 805 2687 tumulus
827 2663 880 2691 (tu-

108 2707 188 2732 mulis
203 2706 243 2735 1112,
262 2713 357 2731 manus
371 2705 469 2738 impias
483 2703 612 2729 inferunt.
646 2704 746 2729 deinde
767 2703 878 2730 sortiter

107 2749 195 2782 ipsam
215 2748 358 2774 civitatem
378 2747 589 2780 expugnabant,
614 2747 663 2772 sed
682 2754 730 2780 per
749 2754 874 2772 securam

108 2791 280 2824 vigilantiam
306 2790 441 2816 Bclisario
471 2789 607 2820 (Belisarii
625 2789 668 2819 1112,
699 2789 805 2822 optime
831 2790 879 2815 de-

186 2844 321 2863 Ev-ruovivs.

1210 273 1222 288 e
1240 265 1293 288 cod.
1315 266 1499 294 Bambergensi.

973 314 1085 347 publice
1104 315 1225 340 convicit
1244 314 1387 340 Antimum
1403 314 1742 347 C(›nstantinop‹›litanum

973 357 1144 389 episcopum,
1172 358 1217 390 qui
1238 358 1354 382 eandem
1374 357 1499 382 heresem
1525 357 1695 383 defendebat
1716 360 1744 382 et

974 399 1097 431 privabit
1119 400 1248 432 {privavit
1263 400 1297 424 1112
1334 400 1411 424 illum
1435 408 1448 424 a
1477 400 1676 428 communione,
1706 400 1744 424 in-

973 449 1057 474 super
1076 445 1103 467 ct
1123 443 1211 467 suasit
1230 443 1434 475 imperatorem,
1456 446 1486 467 ut
1501 443 1617 467 eundem
1638 443 1744 475 episco-

972 492 1036 517 pum
1057 484 1210 509 inexilium
1230 485 1383 510 mandaret.
1418 485 1468 510 hoe
1489 484 1563 510 facto
1583 493 1637 509 non
1656 485 1742 510 multo

972 530 1035 559 post
1054 527 1127 552 idem
1146 526 1287 559 Agapitus
1306 526 1433 560 pontifex
1455 528 1482 552 in
1501 527 1742 559 Constantinopoli

972 568 1122 594 defunctus
1142 572 1192 594 est.

1040 612 1149 637 Interea
1178 619 1239 636 eum
1262 612 1317 636 ium
1342 620 1390 644 per
1415 612 1516 637 multos
1541 620 1626 637 annos
1651 612 1743 636 Guan-

971 654 1026 679 dali
1047 657 1174 679 tenerent
1187 653 1321 681 Africam.
1343 655 1418 679 misit
1438 657 1531 679 contra
1553 662 1599 679 eos
1614 655 1743 679 Iustinia-

970 704 1020 721 11115
1045 697 1195 729 imperator
1215 697 1382 722 Velisariuin
1407 697 1553 729 patricium
1580 705 1639 722 cum
1665 706 1742 722 exer—

969 739 1035 764 citu.
1074 739 1220 764 commissa
1243 742 1343 771 (pugna
1361 741 1419 763 add.
1443 740 1486 768 ιη’-’1
1521 739 1660 764 {elisarius
1680 748 1740 764 cum

969 782 1122 807 Guandalis
1142 782 1242 807 multos
1262 789 1296 806 ex
1316 782 1356 806 eis
1376 782 1481 806 occidit
1499 781 1680 807 Gelismerum
1702 790 1742 806 re-

969 833 1029 854 gem
1061 825 1183 857 ipsorum
1214 825 1307 850 vivum
1338 824 1549 856 comprehendit
1580 827 1607 849 et
1639 824 1741 849 direxit

970 867 1240 900 Constantinopolim
1260 870 1287 891 et
1307 867 1346 892 sic
1366 866 1509 898 1·0c‹:›llcgit
1524 865 1658 891 Asi-icam.
1691 875 1740 898 pro

969 909 1011 934 1115
1040 910 1167 934 onmibus
1197 916 1266 942 quae
1292 908 1403 934 fortiter
1428 909 1581 934 Belisarius
1607 908 1738 935 faeiebat.

968 952 1061 984 coepit
1086 952 1226 984 gloriosus
1247 959 1307 977 esse
1327 952 1401 984 apud
1422 952 1603 977 Iustinianiuu
1625 952 1741 983 impera*

968 998 1055 1019 torem
1087 998 1114 1019 et
1144 995 1248 1019 direxit
1279 1002 1340 1019 eum
1371 994 1406 1019 ad
1438 994 1615 1027 pugnandum
1643 997 1738 1019 contra

968 1036 1152 1065 'l'heodatunn
1180 1038 1226 1070 qui
1251 1044 1334 1069 super
1357 1036 1463 1062 Gothos
1487 1037 1512 1061 in
1539 1037 1619 1062 Italia
1644 1044 1740 1067 r‹.·3.,›·na-

968 1079 1025 1108 bat,
1053 1084 1081 1105 ut
1103 1080 1211 1105 Italiam
1237 1088 1251 1104 a
1277 1079 1397 1105 servicio
1417 1079 1570 1105 ‹italum-um
1595 1079 1736 1104 liberaret.

966 1123 1080 1147 veniens
1106 1123 1200 1155 itaque
1224 1122 1376 1147 Belisarius
1402 1122 1429 1146 in
1456 1122 1578 1147 Siciliam
1604 1130 1665 1146 cuni
1689 1122 1739 1146 ali-

966 1168 1098 1197 quantum
1122 1169 1231 1197 teinpus
1255 1165 1293 1189 ibi
1319 1168 1480 1190 1n‹‡›i·aretur.
1512 1172 1558 1189 rex
1585 1163 1737 1189 Gotlwrum

964 1207 1127 1232 'l'heodatus
1141 1212 1264 1232 mortuus
1278 1212 1335 1237 est,
1359 1207 1495 1232 suecessit
1510 1207 1535 1231 in
1551 1214 1663 1236 reanum
1678 1207 1737 1231 eius

965 1249 1096 1279 Guitigis.
1127 1250 1220 1275 statim
1241 1253 1333 1275 autem
1354 1253 1383 1274 ut
1402 1257 1515 1279 rejanum
1534 1249 1645 1275 invasit,
1667 1249 1737 1274 abiit

964 1292 1125 1317 Ravennam
1140 1296 1166 1317 et
1181 1293 1245 1318 tulit
1265 1293 1303 1318 ibi
1322 1292 1406 1317 filiam
1420 1291 1668 1323 Amalasguintlme
1682 1291 1735 1316 51111

964 1335 1000 1360 ad
1021 1343 1142 1360 uxorem.

1034 1420 1171 1452 Egressus
1192 1420 1226 1445 de
1246 1420 1341 1445 Sicilia
1360 1420 1438 1445 venit
1456 1420 1492 1445 ad
1512 1420 1689 1452 Campaniam
1710 1420 1736 1445 111

966 1463 1119 1495 Neapolim.
1152 1462 1327 1495 Neapolitani
1347 1470 1413 1488 vero
1433 1463 1579 1487 noluerunt
1593 1470 1653 1487 eum
1668 1463 1737 1487 reci—

964 1513 1044 1538 pere,
1061 1506 1148 1530 iratus
1159 1505 1311 1530 Belisarius
1322 1505 1414 1538 eoepit
1426 1513 1486 1530 cum
1498 1508 1557 1530 tota
1568 1505 1671 1530 virtuto
1683 1505 1737 1530 sou

964 1548 1029 1573 titer
1046 1555 1204 1581 expugnare
1217 1548 1361 1580 Neapolim
1376 1555 1492 1580 cumque
1512 1556 1560 1580 per
1578 1548 1736 1580 aliquantos

964 1591 1024 1616 dies
1038 1591 1076 1615 ibi
1090 1594 1236 1623 pugnaret,
1253 1598 1302 1623 per
1315 1591 1447 1616 virtutem
1461 1591 1646 1623 apprelwndit
1660 1591 1735 1615 illam

963 1637 991 1658 et
1005 1634 1146 1665 ingressus
1159 1634 1186 1658 in
1198 1641 1267 1658 eam.
1295 1636 1373 1658 tanta
1384 1632 1437 1658 fuit
1447 1633 1521 1658 illius
1533 1634 1570 1658 ira
1584 1642 1636 1658 non
1648 1634 1735 1658 solum

963 1684 1044 1709 super
1063 1676 1187 1705 Gothos,
1212 1676 1258 1708 qui
1278 1676 1316 1701 ibi
1337 1675 1513 1704 habitabant,
1535 1677 1584 1701 sed
1605 1677 1688 1701 etiam
1709 1677 1735 1701 iu

963 1718 1130 1745 hominibus.
1152 1718 1198 1751 qui
1220 1720 1292 1747 <delet
1307 1718 1348 1747 1112,
1371 1718 1458 1750 ipsius
1477 1719 1611 1747 civitatis,
1633 1722 1663 1744 ut
1681 1727 1734 1743 non

967 1763 1037 1791 (delet
1053 1761 1095 1790 11121
1118 1761 1186 1786 1111111
1206 1761 1309 1785 homini
1328 1765 1456 1792 parceret
1475 1768 1529 1786 non
1548 1761 1661 1786 senibus
1681 1770 1734 1786 non

963 1804 1124 1832 iuvenibus,
1158 1803 1241 1829 etiam
1266 1810 1317 1828 nee
1342 1804 1598 1829 sanctimonialibus
1625 1803 1734 1828 feminis

962 1847 1095 1879 pepercit,
1115 1846 1228 1871 maritos
1243 1846 1276 1871 de
1291 1846 1424 1871 uxoribus
1438 1846 1495 1871 suis
1509 1846 1642 1871 decollari
1656 1854 1735 1879 prae-

964 1889 1038 1922 cepit
1057 1892 1084 1914 et
1104 1889 1162 1921 ipsa
1186 1889 1270 1920 ⁴ipsas
1290 1888 1325 1911 1212
1361 1896 1460 1913 uxores
1486 1889 1612 1921 captivus
1633 1889 1733 1913 eximie

962 1932 1085 1964 portavit
1099 1939 1150 1957 una
1166 1939 1227 1956 cum
1241 1930 1305 1955 filiis
1326 1931 1448 1961 illarum;
1471 1931 1560 1956 omnia
1580 1932 1734 1963 depraeda-

961 1975 1002 2000 vit
1021 1974 1104 1999 ctiam
1124 1977 1152 1999 et
1172 1973 1247 2006 ipsas
1267 1976 1379 1998 sanctas
1399 1974 1534 1999 ecclesias
1554 1974 1730 2006 exspoliavit.

1030 2067 1132 2092 Exiens
1152 2067 1185 2092 de
1206 2067 1322 2100 Neapoli
1342 2067 1412 2092 abiit
1432 2067 1556 2092 Romam.
1597 2070 1660 2092 tunc
1679 2066 1733 2092 Go-

957 2110 1007 2139 thi,
1031 2110 1076 2143 qui
1091 2110 1129 2135 ibi
1144 2109 1319 2137 habitabant,
1342 2113 1423 2135 noete
1438 2110 1614 2141 egredientes
1634 2110 1730 2135 urbem

957 2156 986 2178 ct
1013 2156 1107 2185 portas
1127 2155 1238 2185 apertas
1258 2152 1448 2185 relinquentes
1469 2151 1603 2184 fugerunt
1623 2152 1733 2177 Raven-

958 2204 1028 2220 nam.
1067 2194 1189 2226 Guitigis
1209 2198 1302 2220 autem
1322 2197 1352 2220 ut
1371 2195 1441 2220 talia
1460 2195 1608 2226 cognovit,
1638 2195 1731 2220 statim

958 2245 1019 2263 cum
1044 2245 1144 2269 magno
1164 2237 1289 2262 exercitu
1308 2237 1386 2263 venit
1404 2236 1521 2262 Romam
1540 2240 1637 2262 emitra
1658 2237 1733 2262 Beli-

958 2280 1069 2305 sarium.
1108 2280 1207 2306 videns
1235 2279 1400 2309 b'elisarius,
1434 2280 1503 2312 quia
1534 2287 1587 2304 non
1615 2279 1732 2305 haberet

958 2326 1051 2355 aptum
1072 2326 1180 2355 tempus
1200 2322 1235 2347 ad
1255 2322 1450 2354 pugnandum,
1479 2322 1579 2347 clausit
1607 2330 1635 2347 sc
1660 2321 1732 2347 insra

958 2366 1072 2391 Romam
1098 2368 1125 2390 et
1148 2365 1242 2397 posuit
1260 2365 1408 2394 custodes,
1438 2365 1485 2397 qui
1513 2371 1572 2389 eam
1599 2372 1631 2389 ex
1658 2365 1731 2389 omni

958 2412 1036 2440 parte
1055 2408 1237 2433 custodirent.
1275 2407 1382 2432 interea
1402 2406 1486 2432 Gothi
1515 2407 1644 2432 obsidere
1671 2414 1733 2432 eoe-

958 2453 1057 2483 perunt
1076 2450 1191 2475 Romam
1217 2452 1245 2475 et
1264 2450 1356 2475 omnia
1381 2457 1429 2482 per
1449 2449 1595 2474 circuitum
1615 2450 1731 2481 deprae-

958 2493 1062 2518 dabant
1076 2496 1104 2518 et
1118 2493 1312 2521 incendebant,
1335 2495 1573 2525 quantoscumque
1592 2491 1732 2517 Romano—

958 2544 1016 2560 rum
1028 2535 1209 2561 inveniebant
1222 2535 1316 2567 gladio
1331 2534 1541 2566 extinguebant,
1558 2538 1656 2559 cuncta
1670 2534 1731 2559 loca

957 2586 1036 2603 saera
1056 2578 1260 2610 exspoliabant.
1301 2577 1403 2602 deinde
1426 2576 1535 2601 sortite-r
1554 2577 1642 2609 ipsam
1662 2577 1730 2602 civi—

957 2624 1043 2646 tatem
1063 2619 1274 2653 expugnabant,
1304 2620 1354 2644 sed
1379 2627 1427 2651 per
1447 2619 1593 2644 circuitum
1614 2626 1680 2644 cura
1699 2622 1728 2644 et

957 2663 1103 2695 vigilantia
1131 2662 1258 2687 Belisarii
1289 2662 1392 2694 optime.
1424 2661 1594 2687 defenditur.
1643 2669 1729 2691 ane-u-

1490 2842 1521 2863 51)
