2023 3093
253 170 382 201 XLVIII

252 281 399 321 oppidmn
418 280 591 310 (talliarum
617 290 634 310 a
651 279 763 310 Gothis
788 279 884 310 multa
910 279 939 309 vi
963 289 1019 319 op-

255 335 423 371 pugnatum
442 335 499 362 est.
527 331 625 362 donee
647 330 830 361 imminente
848 330 937 361 Aetio
959 340 1018 360 non

255 382 386 422 iupnniti
411 382 628 413 abscederent.

319 450 344 480 X
380 449 553 481 Bonifatius
576 450 655 481 inter
679 450 755 481 haee
779 449 863 490 apud
880 449 1016 480 Afrieam

255 501 391 541 potentia
422 501 586 541 gloriaque
615 501 801 541 angebatur.
856 500 1020 531 mittuntur

254 551 407 582 adversus
437 562 507 582 enm
538 552 709 583 Mabortius
738 556 767 583 et
798 552 928 582 Galbio:
967 551 1019 590 qui

256 603 327 633 dum
363 602 550 634 Bonifatium
581 603 726 634 obsidere
758 607 879 644 parant.
913 603 953 633 ab
984 612 1020 633 eo

255 654 432 694 interempti
464 658 546 685 sunt.
600 654 714 685 exinde
748 654 906 693 gentibus.
940 663 1020 693 quae

258 705 298 736 uti
323 705 457 736 naribus
481 705 674 737 nesi-iebant.
702 705 775 736 dum
799 716 816 736 a
837 708 1020 736 eoneertan<

256 756 340 786 tibus
365 756 394 786 in
414 756 566 787 auxilium
584 760 741 787 voeantur.
771 766 856 787 mare
881 755 1021 797 pervium

259 808 371 838 t'aetum
397 811 455 838 est.
504 817 610 838 rursus
633 811 738 838 eontra
764 807 956 838 Bonifatium
973 806 1023 837 Si-

258 858 424 895 gisvuldus
441 869 545 889 eomes
561 858 715 897 dirigitur.
760 858 934 889 Bonifatius
951 868 1024 888 vero

259 909 397 940 sentiens
421 919 455 940 se
480 920 539 940 non
563 920 655 950 posse
679 913 744 941 tuto
762 910 900 940 Afrieam
917 913 1024 940 tenere

259 970 451 1000 ‹·ernensque
477 961 535 991 sibi
560 961 733 1001 perieulum
751 961 878 992 instare.
905 961 937 991 in
954 970 1025 1001 pcr-

260 1012 370 1042 nieiem
384 1012 477 1042 totius
492 1012 535 1042 rei
550 1011 694 1052 publicae
708 1012 918 1043 efferveseens
930 1012 1026 1042 Wan—

260 1063 400 1093 dalorum
420 1063 663 1102 [Alanorumque
676 1073 690 1091 e
703 1064 795 1096 Beda]
817 1066 942 1101 gentem
956 1072 1024 1093 enm

261 1114 421 1145 (leiserieo
451 1124 506 1144 suo
530 1123 604 1153 rege
628 1114 668 1144 ab
693 1114 855 1154 Hispaniis
878 1116 1026 1145 evocatus

262 1165 385 1196 Africae
410 1165 586 1196 intromisit.

327 1242 370 1273 xl
401 1242 510 1273 eodem
534 1245 673 1283 tempore
693 1251 770 1283 paee
786 1242 881 1273 totius
897 1241 981 1272 orbis
998 1244 1028 1271 et

262 1293 466 1324 ermsensione
490 1293 626 1324 mirabili
651 1293 828 1324 Bonifatius
858 1293 898 1324 ab
922 1292 1027 1323 Africa

263 1345 303 1376 ad
328 1344 451 1375 ltaliam
476 1355 532 1385 per
556 1345 663 1375 urbem
687 1344 781 1376 rediit
803 1348 931 1385 aeeepta
961 1354 1028 1374 ma-

263 1396 351 1435 gistri
389 1396 521 1426 militum
553 1395 719 1435 dignitate.
767 1396 819 1435 qui
850 1405 920 1426 eum
951 1394 1029 1425 resi—

264 1451 364 1478 stente
382 1446 441 1477 sibi
458 1446 548 1477 Aetio
564 1447 683 1487 proelio
700 1447 924 1487 superavisset.
952 1456 1031 1487 pan—

265 1498 308 1528 eis
333 1497 503 1529 interiectis
527 1497 640 1529 (liebus
663 1498 770 1529 morbo
793 1498 950 1529 extinctus
970 1501 1027 1528 est.

266 1549 374 1580 Aetius
390 1559 463 1579 vero
481 1559 549 1579 eum
567 1549 711 1589 deposita
728 1549 881 1588 dignitate
905 1549 936 1580 in
956 1559 1032 1588 agro

270 1610 325 1631 suo
350 1600 480 1639 degeret
509 1600 616 1639 ibique
641 1610 710 1631 eum
735 1600 862 1640 quidam
888 1600 956 1631 eius
979 1610 1034 1630 ae—

267 1651 368 1682 mulus
393 1651 555 1692 repentino
577 1652 703 1682 incursu
732 1652 909 1692 opprimere
933 1656 1035 1692 temp-

266 1706 373 1737 tasset,
401 1702 552 1743 profugus
575 1702 617 1733 ad
642 1704 748 1734 urbem
773 1707 868 1742 atque
890 1703 977 1733 illine
994 1702 1035 1733 ad

270 1754 469 1786 Dalmatiam.
497 1753 612 1785 deinde
639 1754 816 1785 Pannonias
840 1754 881 1785 ad
905 1755 1035 1785 l‘Iunnos

269 1805 419 1845 pervenit.
447 1815 576 1844 quorum
593 1805 740 1836 amieitiis
758 1805 940 1845 auxilioque
962 1816 1036 1836 usus

269 1866 376 1896 paeem
401 1856 574 1896 principum
599 1860 629 1887 et
647 1856 696 1887 ius
712 1856 921 1897 interpolatae
946 1860 1035 1897 pote-

272 1907 357 1938 <tatis
385 1907 517 1937 obtinuit
545 1917 602 1938 nee
632 1908 729 1938 multo
760 1911 829 1948 post
852 1908 1036 1949 patriciatus

269 1958 361 1989 etia‘un
392 1957 579 1997 (lignitatem
608 1958 743 1999 adeptus
767 1962 825 1990 est.
873 1963 943 1999 post
966 1970 1035 1990 eam

271 2009 378 2047 igitur,
413 2020 494 2048 quae
524 2010 699 2050 praemissa
722 2014 778 2048 est⁷
813 2009 939 2041 Afrieae
971 2011 1037 2041 ela—

271 2060 341 2090 dem
373 2060 448 2090 data
478 2070 533 2100 per
556 2061 730 2100 'l'rigetium
762 2060 803 2091 ad
831 2061 1036 2093 habitandum

275 2110 438 2141 Wandalis
462 2111 587 2142 Africae
619 2112 758 2152 portione
789 2123 850 2153 pax
882 2123 951 2144 eum
975 2113 1038 2144 eis—

272 2162 341 2192 dem
359 2162 539 2193 neeessaria
556 2163 658 2202 magis
674 2174 767 2202 quam
782 2164 868 2195 utilis
882 2164 964 2195 faeta
977 2167 1035 2195 est.

336 2239 393 2269 XII
435 2238 483 2269 his
519 2239 613 2270 etiam
652 2240 845 2281 tempoiibus
877 2241 1039 2272 Gundiea—

274 2290 350 2320 rium
383 2290 640 2329 Burgundionum
672 2301 777 2331 regem
810 2292 891 2323 intra
914 2292 1038 2322 Gallias

275 2340 465 2371 habitantem
492 2341 600 2372 Aetius
625 2342 775 2382 patricius
807 2343 890 2373 bello
914 2343 1041 2374 obtrivit

276 2402 445 2431 pacemque
462 2391 490 2422 ei
508 2393 698 2432 supplicanti
716 2394 881 2425 concessit.
920 2394 1037 2425 interea

275 2442 368 2473 (lotbi
400 2443 485 2482 paeis
518 2443 634 2483 placita
665 2445 846 2484 perturbant
876 2448 906 2476 et
935 2445 1039 2485 plera-

275 2503 334 2532 que
366 2493 536 2533 munieipia
560 2495 661 2525 vieina.
692 2495 757 2526 suis
788 2496 917 2527 sedibus
947 2507 1039 2527 oeen-

277 2548 350 2583 pant
373 2555 504 2583 eumque
529 2549 634 2576 essent
662 2547 796 2577 maxime
820 2547 934 2588 oppido
961 2549 1038 2578 Nar-

279 2595 406 2625 bonensi
439 2595 544 2627 infesti
569 2597 715 2637 eivesque
739 2598 806 2629 eins
839 2598 933 2638 longa
956 2599 1039 2629 obsi-

278 2645 368 2676 dione
399 2650 429 2676 et
453 2646 534 2677 tame
560 2647 749 2687 affligerent.
784 2649 959 2680 adveniens
990 2662 1042 2679 eo-

279 2706 343 2726 mes
377 2696 510 2727 Litorius
549 2698 654 2729 hostes
683 2699 713 2729 in
755 2700 860 2739 fugam
894 2701 983 2732 vertit
1012 2706 1043 2732 et

278 2747 435 2777 viritatem
472 2748 578 2779 adlata
615 2750 760 2780 frumenti
792 2751 879 2791 eopia
910 2763 927 2782 a
960 2753 1042 2783 fame

280 2797 433 2828 liberavit.

945 167 1168 193 enom-mlvii.

1162 450 1238 478 427:
1279 447 1444 479 ’›‹›nit‘aeio.
1472 447 1562 477 euius
1587 447 1721 487 potentia
1747 448 1864 487 gloria-

1096 510 1156 540 que
1194 500 1224 530 in
1256 498 1360 529 Afriea
1399 498 1584 537 angebatur.
1626 498 1742 530 bellum
1771 524 1803 530 ..
1827 525 1832 530 .
1857 525 1861 530 .

1098 551 1220 581 illatura
1245 554 1292 581 est
1322 549 1455 580 dneibus
1480 549 1629 580 Mavortio
1654 554 1685 581 et
1708 551 1864 582 Galbione

1099 606 1129 633 et
1152 602 1282 634 Sinoee,
1317 600 1405 631 euius
1437 600 1610 641 proditione
1635 601 1805 632 Mavortius
1836 606 1866 634 et

1100 653 1224 685 Galbio,
1252 652 1325 683 dum
1343 651 1535 682 Bonifatium
1552 652 1742 685 obsiderent.
1769 653 1866 686 inter-

1100 704 1195 744 empti
1212 707 1285 734 sunt
1311 728 1316 732 .
1338 728 1343 733 .
1368 728 1372 732 .
1399 703 1512 734 exinde
1529 703 1676 742 gentibus
1692 723 1734 726 —
1750 704 1865 736 faetum

1101 759 1148 786 est
1177 755 1315 794 bellique
1346 758 1451 785 eontra
1482 754 1671 785 l'mnifatium
1704 756 1804 796 coepti
1835 756 1866 787 in

1102 806 1308 845 sigisvultum
1333 805 1476 836 comitem
1501 816 1572 836 eura
1597 806 1749 837 translata
1775 811 1832 838 est.

1168 1022 1245 1051 gens
1263 1010 1476 1042 Vandalorum
1494 1011 1533 1041 ab
1550 1011 1712 1052 Hispaniis
1729 1012 1768 1043 ad
1786 1013 1871 1044 Afri-

1105 1072 1172 1093 eam
1196 1062 1331 1093 transiit.
1383 1064 1448 1091 Tiro
1468 1064 1520 1092 751
1552 1062 1642 1093 VIII:
1670 1063 1819 1095 Wandali
1839 1064 1871 1095 in

1105 1113 1243 1144 Africam
1274 1112 1514 1144 transfretantes
1544 1113 1704 1153 ingentem
1734 1115 1871 1147 lacerata

1106 1165 1188 1195 omni
1219 1164 1380 1205 provineia
1409 1164 1558 1195 Romanis
1588 1165 1710 1197 cladem
1742 1166 1870 1198 dedere.

1171 1243 1247 1272 4:32:
1275 1241 1370 1273 totius
1387 1241 1471 1272 orbis
1487 1251 1565 1282 paee
1582 1261 1622 1264 -
1638 1243 1724 1274 venit
1738 1262 1779 1266 —
1803 1254 1871 1275 eum

1107 1293 1165 1324 sibi
1197 1293 1393 1324 resistentem
1418 1293 1542 1324 Aetium
1568 1303 1685 1334 paneos
1709 1299 1779 1334 post
1805 1295 1875 1327 dies

1108 1364 1147 1366 —
1164 1344 1291 1384 quidam
1307 1344 1453 1375 inimicus
1469 1344 1537 1375 eins
1553 1364 1594 1366 —
1618 1346 1809 1377 Pannoniam
1834 1365 1875 1368 »Α

1108 1396 1245 1427 amieitia
1270 1415 1309 1417 ἠ
1333 1395 1476 1426 obtinuit.

1180 1965 1255 1992 4:35:
1284 1972 1344 2002 pax
1370 1962 1450 1993 faeta
1474 1972 1542 1993 eum
1561 1963 1713 1994 Vandalis
1737 1965 1810 1995 data
1835 1966 1881 1996 eis

1115 2014 1156 2044 ad
1180 2013 1386 2044 habitandum
1404 2023 1459 2054 per
1475 2013 1650 2053 'l'rigetinm
1668 2016 1794 2047 Africae
1812 2027 1882 2056 por-

1115 2065 1198 2095 tione
1228 2065 1273 2095 ‘111
1300 2064 1344 2094 ld.
1372 2064 1464 2095 Febr.
1491 2064 1660 2105 Hippone&

1182 2244 1257 2273 4:35:
1292 2243 1402 2274 eodem
1426 2247 1565 2285 tempore
1589 2245 1814 2278 Gumliearium
1843 2265 1884 2269 —

1118 2295 1307 2335 supplicanti
1333 2295 1429 2326 dedit.

1183 2450 1260 2478 -123151
1300 2448 1395 2479 Gothi
1430 2449 1517 2489 paeis
1548 2469 1590 2472 —
1620 2450 1748 2482 sedibus
1783 2452 1885 2483 rieina

1118 2499 1183 2530 suis
1207 2503 1362 2540 oeenpant
1386 2500 1584 2532 Narbonensi
1610 2502 1725 2543 oppido
1749 2503 1885 2534 maxime

1118 2550 1235 2581 infesti.
1284 2551 1367 2590 quod
1392 2562 1461 2582 enm
1486 2552 1539 2583 diu
1564 2553 1726 2584 obsidione
1750 2558 1781 2585 et
1804 2554 1886 2585 tinne

1119 2602 1286 2634 laboraret.
1318 2612 1373 2642 per
1399 2603 1545 2634 Litorium
1569 2604 1714 2635 comitem
1738 2605 1778 2636 ab
1803 2609 1886 2637 ntro-

1121 2664 1180 2692 que
1204 2653 1343 2693 perieulo
1367 2653 1533 2685 liberatum
1558 2659 1616 2686 est.
1653 2656 1807 2695 siquidem
1832 2667 1888 2697 per

1121 2704 1263 2742 singulos
1293 2704 1414 2744 equites
1446 2705 1529 2736 binis
1559 2706 1653 2737 tritici
1685 2707 1800 2738 modiis
1830 2708 1888 2739 ad—

1121 2755 1218 2785 veetis
1235 2755 1449 2786 strenuissime
1467 2760 1497 2787 et
1513 2757 1619 2788 hostes
1636 2758 1666 2788 in
1686 2758 1792 2797 fugam
1818 2769 1888 2789 ver-

1120 2806 1156 2835 tit
1179 2809 1210 2836 et
1232 2806 1390 2837 eivitatem
1415 2818 1538 2838 annona
1563 2808 1695 2839 adiuvit.
