2023 3093
216 573 233 599 vv

140 707 235 738 XIIII

217 889 235 917 2

218 1008 235 1037 3

217 1128 233 1155 4

220 1248 237 1275 ἶ)

181 1382 240 1413 XV

262 179 317 207 124
903 175 1124 201 EVTROPIVS.
1163 174 1227 201 VII.

258 272 400 302 Sentium
425 274 456 302 ct
472 271 587 301 Aulum
605 270 763 301 Plautium
788 269 937 300 inlustres
961 280 997 300 ac
1021 268 1144 300 nobiles
1168 269 1251 300 viros
1274 269 1467 310 triumphum
1489 269 1645 300 celebrem
1662 269 1736 309 egit.
1778 279 1874 309 quas-

259 331 331 362 dam
363 330 484 361 insulas
515 330 609 361 etiam
641 330 723 360 ultra
747 329 928 360 Britannias
954 329 986 360 in
1011 329 1136 360 Oceano
1160 328 1279 369 positas
1302 329 1434 369 imperio
1457 329 1597 360 Romano
1620 329 1761 368 addidit,
1794 338 1875 368 quae

259 390 460 431 appellantur
483 389 662 423 Orchades,
696 388 761 420 tilio
791 392 896 420 autem
921 398 977 420 8110
1001 388 1173 419 Britannici
1203 399 1316 419 nomen
1345 388 1494 429 inposuit.
1542 391 1605 420 tam
1637 388 1740 419 civilis
1770 392 1874 419 autem

260 450 341 481 circa
365 449 519 489 quosdam
543 448 661 479 amicos
685 448 804 487 extitit⁷
836 452 870 479 ut
892 448 987 479 etiam
1011 448 1170 479 Plautium
1195 448 1332 479 nobilem
1356 448 1474 487 virum,
1502 448 1555 488 qui
1580 448 1782 489 expeditione
1807 447 1875 478 Bri-

258 509 385 540 tannica
408 509 507 539 multa
531 508 662 548 egregia
686 508 814 543 fecerat,
849 508 1095 549 triumphantcm
1118 508 1188 548 ipse
1212 511 1456 548 prosequeretur
1478 512 1509 539 et
1532 508 1755 539 conscendenti
1780 507 1876 548 Capi-

257 569 366 600 tolium
392 569 502 599 laevus
526 568 696 599 incederet.
745 567 772 598 is
796 568 875 599 vixit
897 577 996 599 annos
1020 577 1070 598 1111
1094 571 1125 599 et
1148 577 1201 599 Lx.
1233 568 1401 609 imperavit
1422 577 1506 599 xnu.
1555 572 1625 609 post
1648 571 1777 599 mortem
1802 577 1876 598 con-

259 632 400 660 secratus
424 631 473 659 est
495 628 651 667 divusque
674 627 867 668 appellatus.

346 704 506 736 Successit
528 704 601 735 huie
624 705 727 743 Nero,
755 704 922 745 Caligulae
945 705 1103 735 avunculo
1127 714 1182 735 suo
1207 704 1403 744 simillimus.
1436 705 1489 744 11111
1513 705 1687 736 Romanum
1711 704 1877 746 imperium

258 768 289 795 et
313 764 500 795 detor-mavit
523 767 554 795 et
577 764 705 796 minuit.
738 763 909 795 inusitatae
934 763 1078 795 luxuriae
1102 767 1365 805 sumptuumque,
1400 768 1433 795 ut
1457 764 1510 803 qui
1535 765 1680 805 exemplo
1705 764 1765 795 Gai
1789 763 1876 796 Cali-

259 825 355 865 gulae
378 824 410 855 111
435 824 548 855 calidis
573 828 604 856 et
627 824 754 864 frigidis
778 824 901 855 lavaret
923 824 1111 864 unguentis.
1140 824 1259 855 retibus
1282 824 1388 855 aureis
1412 824 1603 864 piscaretur.
1631 835 1712 863 quae
1735 823 1877 855 blattinis

259 884 388 915 funibus
419 884 616 915 extrahebat.
670 884 826 914 infinitam
857 887 987 915 senatus
1018 888 1138 924 partem
1169 883 1345 917 interfecit.
1380 884 1470 915 honis
1501 884 1646 915 omnibus
1675 884 1775 915 hostis
1804 883 1874 914 fuit.

259 945 301 976 ad
324 948 515 985 postremum
540 953 573 974 86
597 947 684 974 tanto
708 943 863 974 dedecore
887 943 1062 984 prostituit,
1098 947 1131 974 ut
1155 947 1186 974 61
1210 943 1341 975 saltaret
1364 947 1395 975 et
1419 947 1560 975 cantaret
1583 944 1614 975 in
1638 954 1755 975 scaena
1778 943 1878 974 citha-

260 1004 385 1035 roedico
415 1003 525 1034 habitu
555 1003 606 1034 vel
636 1002 767 1043 tragico.
815 1002 985 1043 parricidia
1014 1003 1114 1034 multa
1143 1003 1299 1034 commisit
1326 1004 1422 1035 fratre
1447 1014 1542 1035 uxore
1567 1007 1665 1035 matre
1689 1003 1875 1035 interfectis.

261 1065 369 1095 urbem
394 1064 525 1094 Romam
548 1062 705 1099 incendit,
733 1066 766 1093 ut
789 1062 963 1103 spectaculi
988 1062 1056 1094 61118
1079 1062 1251 1102 imaginem
1276 1066 1432 1095 cerneret.
1461 1063 1548 1102 quali
1572 1063 1645 1094 011111
1669 1063 1764 1094 Troia
1787 1066 1879 1104 capta

259 1127 389 1155 arserat.
439 1123 470 1153 in
495 1133 527 1154 re
551 1122 680 1154 militari
704 1122 782 1153 nihil
806 1122 932 1153 omnino
955 1131 1053 1153 ausus
1070 1122 1264 1153 Britanniam
1289 1134 1391 1164 paene
1415 1123 1529 1154 amisit.
1578 1133 1650 1154 nam
1675 1123 1736 1154 duo
1761 1123 1819 1154 8111)
1842 1132 1878 1154 eo

260 1183 459 1215 nobilissima
487 1182 605 1223 oppida
632 1186 724 1223 capta
746 1182 813 1213 illie
835 1186 930 1222 atque
955 1191 1067 1213 eversa
1090 1186 1171 1213 sunt.
1221 1182 1403 1213 Armeniam
1427 1183 1536 1214 Parthi
1561 1183 1756 1214 sustulerunt
1779 1182 1880 1223 legio—

262 1253 381 1283 nesque
411 1243 570 1273 Romanas
604 1242 662 1273 sub
692 1241 802 1282 iugum
832 1241 994 1273 miserunt.
1045 1242 1127 1273 duae
1157 1245 1263 1273 tamen
1294 1242 1352 1273 8111)
1382 1252 1418 1273 60
1450 1243 1631 1283 provinciae
1661 1243 1764 1274 factae
1794 1246 1876 1281 sunt⁷

262 1304 380 1335 Pontus
404 1302 643 1333 Polemoniacus
668 1301 859 1333 concedente
882 1311 957 1342 rege
980 1301 1149 1333 Polemone
1174 1305 1204 1333 et
1227 1302 1326 1342 Alpes
1350 1302 1471 1334 Cottiae
1495 1303 1596 1334 Cottio
1620 1313 1695 1343 rege
1719 1302 1876 1334 defuncto.

349 1380 409 1411 Per
438 1379 517 1411 haec
541 1379 681 1410 Romano
709 1378 776 1409 orbi
807 1377 996 1410 execrabilis
1027 1379 1067 1408 ab
1097 1379 1242 1410 omnibus
1273 1378 1366 1409 simul
1397 1379 1566 1410 destitutus
1590 1383 1638 1411 est
1667 1383 1698 1411 et
1727 1390 1746 1410 a
1769 1382 1879 1410 senatu

263 1440 363 1471 hostis
392 1439 567 1476 iudicatus3
601 1449 671 1470 cum
703 1442 908 1478 quaereretur
935 1438 977 1469 ad
1008 1448 1159 1479 poenam.
1194 1448 1276 1478 quae
1305 1448 1408 1479 poena
1430 1442 1498 1470 erat
1519 1439 1608 1478 talis,
1643 1443 1677 1470 ut
1699 1438 1803 1470 nudus
1826 1449 1882 1479 per

264 1500 426 1541 publicum
450 1499 563 1531 ductus
586 1498 675 1530 furca
699 1498 794 1540 capiti
818 1498 886 1529 eius
910 1498 1031 1529 inserta
1054 1498 1153 1539 virgis
1176 1508 1276 1538 usque
1299 1498 1341 1530 ad
1364 1502 1495 1530 mortem
1519 1499 1705 1531 caederetur
1727 1502 1821 1538 atque
1838 1498 1882 1529 ita

267 1677 275 1695 1
298 1673 414 1701 plastium
436 1672 480 1693 LO
515 1669 524 1703 ΙΙ
560 1669 597 1702 ac]
617 1673 642 1693 ct
661 1671 706 1692 PI)
734 1668 743 1701 11
773 1671 890 1700 quosdam
913 1671 958 1693 LO
993 1669 1002 1701 ΙΙ
1038 1674 1050 1693 2
1071 1670 1229 1693 brittanniam
1250 1670 1295 1693 LO
1324 1670 1333 1702 ΙΙ
1371 1676 1381 1693 :i
1403 1672 1541 1701 appellatur
1563 1672 1582 1691 Ο
1618 1670 1627 1703 ΙΙ
1663 1676 1673 1695 1
1696 1671 1821 1694 extitituit
1840 1670 1879 1699 (1¹¹,

297 1716 402 1738 extitnit
427 1714 458 1737 (i2
493 1713 502 1745 ΙΙ
539 1718 566 1736 nt
593 1721 639 1736 om.
671 1716 690 1736 (ι’
725 1712 734 1744 ῙΙ
770 1714 882 1743 plantum
910 1714 979 1736 GPI)
1014 1712 1023 1745 [Ι
1058 1713 1242 1743 expeditionem
1272 1714 1428 1736 brittanieam
1454 1714 1498 1736 LO
1534 1712 1542 1745 ΙΙ
1580 1719 1591 1735 5
1620 1715 1716 1743 egregie
1747 1714 1839 1736 LOPD
1874 1712 1883 1744 [Ι

298 1758 459 1781 concendenti
482 1760 501 1779 (ι’
536 1755 545 1788 ΙΙ
583 1763 594 1778 (ἱ
620 1755 720 1788 laeuus]
744 1757 825 1779 leuius
851 1757 922 1779 LOI)
958 1756 967 1788 11
1003 1757 1145 1779 incenderet
1167 1763 1195 1778 er
1219 1756 1361 1779 incenderat
1390 1758 1409 1779 (τ’
1444 1755 1453 1788 ΙΙ
1488 1758 1509 1780 is
1534 1765 1580 1780 om.
1603 1757 1624 1779 P
1657 1756 1666 1788 11
1701 1758 1774 1780 annis
1795 1756 1839 1779 LO
1874 1756 1883 1788 ΙΙ

298 1807 375 1823 Lxmx
396 1800 442 1823 LO
477 1798 486 1831 ΙΙ
523 1805 532 1822 τ
562 1800 683 1829 diuesque
704 1800 724 1822 L
759 1798 768 1831 ΙΙ
805 1806 816 1820 ›—
842 1800 978 1822 auunculos
998 1807 1054 1822 suos
1074 1798 1106 1821 L¹
1141 1797 1150 1830 ΙΙ
1187 1804 1199 1822 9
1226 1802 1251 1822 et
1270 1800 1361 1822 minuit
1379 1807 1426 1823 om.
1450 1802 1483 1828 (τ’,
1512 1800 1629 1822 diminuit
1648 1800 1694 1823 LO
1729 1801 1737 1831 l¹
1772 1801 1882 1822 luxoriae

299 1844 365 1865 flio
395 1841 404 1875 [1
433 1846 611 1872 sumptumque
631 1842 676 1865 LO
706 1840 715 1873 ΙΙ
748 1846 774 1865 lo
796 1842 891 1864 callidis
910 1842 956 1865 LO
992 1841 1001 1874 [Ι
1037 1843 1131 1865 lanei-et
1150 1843 1172 1864 F
1197 1840 1206 1874 ΙΙ
1235 1841 1328 1874 aureis]
1347 1843 1423 1865 uariis
1444 1842 1490 1865 LO
1519 1842 1528 1874 ΙΙ
1557 1843 1671 1865 ablatinis
1691 1843 1711 1865 L
1740 1841 1750 1875 ΙΙ
1783 1847 1807 1866 11
1830 1850 1881 1865 om—

300 1885 385 1918 nibus]
407 1887 548 1908 hominibus
570 1885 616 1908 LO
651 1883 660 1917 ΙΙ
701 1890 726 1908 12
753 1885 838 1907 decore
861 1886 880 1907 G
915 1884 925 1917 11
959 1883 1098 1916 prostituit]
1122 1886 1255 1915 prostrauit
1280 1886 1298 1907 S
1318 1885 1422 1908 Purisin.
1461 1884 1470 1916 Η
1505 1888 1532 1908 01
1557 1884 1592 1917 et]
1618 1889 1646 1909 ut
1668 1887 1688 1909 (ί
1722 1885 1730 1917 ΙΙ
1767 1886 1883 1908 titharoe-

300 1930 352 1952 dico
375 1929 394 1950 (Ἰ
423 1927 432 1960 11
466 1934 492 1952 11⁵
514 1926 566 1960 uel]
585 1931 610 1950 et
627 1928 673 1950 LO
702 1926 711 1959 ΙΙ
741 1928 814 1950 traice
834 1926 864 1949 (1¹¹
895 1926 904 1959 ΙΙ
934 1935 1012 1950 sorore
1031 1927 1100 1950 addit
1120 1927 1239 1950 Paeonius
1258 1927 1360 1956 fortasse
1380 1927 1408 1950 de
1426 1935 1484 1956 su03
1503 1930 1579 1957 potent
1593 1931 1673 1951 tamen
1684 1935 1744 1951 uxor
1757 1929 1835 1957 accipi
1853 1928 1882 1950 de

300 1972 420 2001 Poppaea,
442 1979 507 1993 soror
519 1971 547 1994 de
563 1971 674 1994 Octavia.
698 1970 831 1993 Mommsen
860 1968 869 2000 Η
903 1974 927 1993 11
950 1971 1098 1999 spectaculis
1112 1971 1151 1992 FG
1181 1968 1190 2001 ΙΙ
1220 1971 1291 1999 quale
1308 1970 1352 1992 Pl)
1382 1968 1391 2000 ΙΙ
1431 1975 1456 1993 15
1476 1971 1602 1993 britannia
1619 1971 1638 1991 (1
1667 1969 1676 2002 [Ι
1710 1976 1735 1994 16
1751 1971 1882 2000 illim-apta

302 2015 347 2037 Lo
382 2013 391 2045 [Ι
431 2019 456 2037 l»
478 2014 658 2044 polcminiacus
678 2013 723 2035 Lo
757 2011 767 2044 ΙΙ
801 2013 923 2042 polemoni
942 2013 988 2035 Ll)
1023 2011 1032 2043 11
1067 2014 1156 2035 cottiae
1176 2012 1259 2044 cottio]
1281 2015 1309 2041 G,
1337 2014 1411 2035 cottio
1432 2013 1486 2041 ΡΙ),
1513 2014 1601 2036 cottiae
1620 2014 1708 2036 cottiae
1730 2013 1758 2041 Ο,
1781 2013 1881 2036 scottiae

301 2058 402 2080 scottiae
423 2058 442 2079 L
477 2056 486 2089 ΙΙ
526 2062 552 2080 ιε»
573 2057 627 2079 urbi
648 2056 730 2083 DIIV,
753 2056 820 2078 urbis
842 2055 886 2078 ΝΖ
921 2054 930 2086 ΙΙ
966 2056 1110 2078 execrabilis
1130 2057 1178 2078 t'uit
1198 2056 1221 2077 1)
1242 2056 1332 2078 Paean.
1372 2054 1381 2087 ΙΙ
1416 2057 1539 2079 ominibus
1558 2056 1577 2078 L
1613 2055 1622 2088 Η
1657 2057 1779 2086 simulque
1800 2056 1845 2079 Lo
1875 2054 1884 2087 ΙΙ

303 2104 340 2122 est
358 2107 406 2123 om.
428 2099 449 2121 P
482 2098 491 2129 Η
527 2104 556 2122 2¹0
577 2105 682 2127 cumque
702 2098 722 2120 L
757 2096 766 2129 ΙΙ
801 2096 891 2129 poena]
909 2105 987 2128 poene
1008 2098 1028 2120 L
1063 2096 1072 2129 ΙΙ
1109 2103 1135 2121 21
1158 2099 1238 2127 capite
1258 2098 1376 2121 LOVNZ
1410 2097 1419 2130 Ι]
1454 2099 1489 2121 ita
1506 2106 1552 2121 om.
1575 2098 1621 2121 Lo

267 2261 346 2286 XIII.
387 2264 410 2285 3»
434 2262 518 2285 aliena
537 2269 553 2283 ιι
573 2261 641 2284 Suet.
662 2263 780 2289 praeter:
803 2268 823 2283 ι·.
844 2263 861 2284 5
881 2259 938 2285 filio
958 2274 989 2277 -
1009 2260 1132 2292 inposuit
1151 2267 1163 2283 e
1185 2260 1273 2284 Clausi.
1297 2263 1335 2285 27.

392 2315 400 2335 4
434 2319 445 2334 τ’
465 2315 533 2336 Suel.
559 2312 647 2335 Claud.
670 2314 716 2335 21:
738 2320 759 2335 r.
788 2315 794 2334 ἱ
817 2311 964 2338 Plautium,
988 2315 1045 2335 1·..·›·
1067 2310 1280 2343 triumphantem
1300 2326 1333 2328 —
1353 2315 1367 2334 6·
1386 2311 1537 2337 incederet.

388 2367 401 2386 5
434 2371 445 2387 e
467 2365 534 2386 Suel.
559 2364 647 2386 fland.
676 2366 709 2386 75.

269 2440 362 2465 XIIII.
392 2443 411 2467 l)
433 2448 445 2463 e
466 2442 535 2463 Suel.
560 2441 687 2463 11'uio57:
710 2447 730 2462 ¹·.
753 2443 767 2462 ,¹1
787 2441 817 2463 ut
836 2438 881 2471 qui
901 2452 934 2455 —
957 2442 984 2462 11)
1006 2439 1165 2470 unguentis;
1197 2446 1209 2462 e
1229 2441 1297 2463 suet.
1322 2440 1422 2462 Nerone
1439 2443 1487 2463 50:
1515 2447 1536 2463 ι·.
1562 2443 1589 2462 lo
1610 2439 1716 2464 retibus
1735 2453 1768 2456 —
1790 2443 1816 2463 ΙΙ
1838 2447 1884 2464 ex-

432 2482 570 2507 trahebat.

390 2536 411 2562 2)
435 2541 446 2557 1·
467 2536 535 2558 Suel.
560 2534 621 2557 Ner.
645 2537 684 2558 20.
708 2536 747 2558 21.
769 2534 800 2563 ‘'s-
821 2536 863 2556 57.

387 2588 401 2607 ‚3
434 2592 446 2607 e
467 2586 535 2608 Suel.
560 2585 620 2607 Ner.
641 2587 762 2608 ‚55—55.
783 2587 826 2608 38.

394 2639 400 2658 5
433 2643 445 2657 ι’
466 2638 534 2659 suet.
558 2637 618 2659 Ner.
646 2638 692 2665 JJS)
713 2639 755 2659 39.
784 2638 809 2658 11)
819 2645 824 2658 ;
847 2643 868 2659 v.
892 2638 919 2659 15
940 2634 1105 2660 Brittaniam
1125 2648 1157 2651 —
1181 2638 1209 2658 16
1229 2642 1324 2659 eversa
1345 2638 1417 2660 sunt.
1441 2642 1462 2657 ιη
1487 2638 1516 2657 m
1536 2634 1713 2667 legionesque
1732 2648 1765 2651 -
1787 2638 1815 2658 17
1835 2634 1884 2659 1111-

433 2681 536 2703 serunt.

390 2732 412 2757 5)
434 2737 446 2753 c
467 2731 536 2753 Suel.
560 2730 621 2753 Ner.
647 2732 683 2752 [8.

270 2805 332 2830 XV.
393 2809 401 2828 1
435 2813 446 2827 a·
467 2807 534 2829 Suet.
559 2807 620 2829 Ner.
648 2809 682 2829 Μ’,
700 2809 739 2829 Μ.
757 2808 786 2829 49
804 2809 925 2835 praeter:
947 2813 969 2830 ι’.
986 2809 1016 2831 20
1030 2812 1079 2837 per
1092 2804 1232 2837 publicum
1248 2804 1348 2829 ductus
1361 2807 1383 2827 el
1399 2807 1427 2829 2!
1443 2806 1527 2836 atque
1541 2811 1609 2833 —1›.
1630 2807 1684 2831 126,
1703 2807 1714 2827 Ι
1729 2811 1744 2828 a
1758 2810 1834 2828 saxo,

1900 828 1928 852 10

1901 1128 1929 1151 15

1901 1444 1932 1468 20
