2023 3093
91 707 118 726 lo

90 1217 119 1236 '20

91 1730 102 1747 :5
108 1729 120 1746 0

94 1984 105 2002 3
112 1985 123 2002 5

95 2238 124 2256 -lo

254 858 268 879 u

254 1163 268 1186 S

829 146 1059 174 LANDonffvs.
1688 148 1742 177 231

332 241 435 279 nibus,
463 241 569 271 omnia
585 240 721 280 propriis
738 239 923 270 libidinibus
947 240 1114 279 agitarent.
1155 241 1262 279 itaque
1281 240 1363 271 inter
1386 243 1501 277 cetera,
1528 249 1588 279 que
1610 239 1751 270 insolen-

332 291 453 322 tissime
484 291 587 322 cuncti
616 291 855 331 presumebant.
891 294 1020 331 repente
1045 290 1163 330 singuli
1186 301 1255 321 cum
1280 290 1434 321 duodenis
1457 290 1596 321 fascibus
1620 290 1751 321 ceteris-

333 352 393 382 que
422 342 633 382 imperatoriis
663 342 841 381 insignibus
871 344 1092 381 processerunt
1120 344 1151 372 et
1181 351 1261 372 novo
1290 341 1452 381 improbae
1475 341 1680 372 ordinationis
1703 340 1752 371 in—

334 396 423 433 cepto
446 393 587 432 allegata
610 393 763 433 religione
787 392 952 423 consulum
977 392 1105 423 emicuit
1127 402 1243 432 agmen
1265 396 1468 432 tyrannorum
1493 392 1616 422 duabus
1635 391 1751 422 tabulis

334 445 440 483 legum
471 443 512 474 ad
543 443 653 474 decem
685 443 804 484 priores
835 443 952 474 additis
978 447 1111 483 agentes
1141 442 1387 474 insolentissimo
1411 442 1495 473 fastu
1519 442 1664 483 plurima7
1699 442 1751 473 die

333 505 393 534 quo
423 494 580 535 deponere
610 494 814 534 magistratus
837 504 905 525 mos
929 497 1012 533 erat⁷
1047 504 1117 524 cum
1141 494 1264 524 hisdem
1286 493 1464 533 insignibus
1487 497 1718 534 processerunt.
1744 492 1752 534 [1

332 546 461 575 secundo
490 555 572 576 anno
600 555 641 575 ea?
671 546 716 575 liis
748 544 862 585 Appius
895 546 1039 575 Claudius
1075 546 1206 585 I'eryiuii
1234 546 1406 580 cuiusdam.
1445 546 1496 584 qui
1528 545 1657 574 honestis
1692 546 1749 574 iam

334 598 488 636 siipeudiis
519 601 624 626 contra
652 598 774 626 Latinos
806 598 833 625 in
865 601 959 626 monte
989 596 1094 635 sil-(sido
1126 596 1290 630 militabat,
1324 597 1416 634 filiam
1452 597 1596 636 riryinem
1626 595 1751 626 nomine
1766 604 1834 628 Nalm

334 647 507 687 Virginiam
538 647 702 687 stupravit.
739 646 748 687 ΙΙ
782 657 875 686 quam
907 647 946 677 ob
977 657 1043 677 rem
1066 646 1198 678 adactus
1222 646 1391 686 Verginius
1414 649 1504 686 pater
1527 646 1633 677 dolore
1656 646 1752 677 liver-
1767 655 1906 674 Or.121.122

335 698 409 729 tatis
439 701 470 729 et
499 697 618 738 pudore
650 697 814 729 dedecoris
844 701 1033 738 protractam
1056 698 1097 728 ad
1121 697 1303 728 servitutem
1328 696 1424 727 filiam
1448 696 1480 727 in
1504 700 1672 737 conspectu
1696 707 1752 737 po—

334 749 401 790 puli
424 749 495 789 pius
518 748 676 789 parricida
698 749 877 789 prostravit.
927 759 987 788 quo
1018 749 1154 789 populus
1185 747 1383 779 necessitatis
1407 747 1569 778 atrocitate
1592 750 1752 788 permotus

336 803 367 830 ct
396 799 535 840 periculo
563 800 718 831 livertatis
749 799 938 830 ammonitus
968 802 1105 830 montem
1129 799 1320 830 Aventinum
1344 798 1510 839 occupavit
1531 802 1672 830 armatus
1695 808 1754 829 nec

335 850 415 881 tueri
439 850 617 882 livertatem
640 850 736 881 armis
761 850 882 881 destitit
904 850 965 881 nisi
988 853 1154 891 postquam
1188 849 1196 891 ΙΙ
1228 860 1248 880 a
1278 851 1454 880 decemviris
1475 854 1606 889 potestus
1629 849 1753 879 sublata

335 906 377 931 est
401 903 514 941 ipsique
538 903 675 931 damuati
696 907 776 932 sunt.
814 912 893 931 ‹111710
918 902 954 931 ab
977 902 1050 931 'urhe
1074 902 1193 931 condita
1218 902 1418 931 trecentesimo
1443 902 1542 940 quinto
1566 901 1676 930 decimo
1699 910 1756 940 pel·

335 956 433 984 totum
462 952 528 983 fere
557 963 674 983 annum
703 956 767 984 tam
799 953 899 984 crebri
933 956 1061 992 tamque
1098 952 1193 984 etiam
1227 961 1341 993 graves
1378 952 1410 982 in
1438 951 1532 983 Italia
1569 954 1755 982 terremotus

336 1003 477 1042 fuerunt⁷
513 1006 547 1034 ut
575 1003 614 1034 de
643 1004 816 1035 innumeris
846 1004 1103 1044 quassationibus
1132 1013 1170 1034 ac
1198 1004 1296 1034 ruinis
1326 1003 1473 1034 villarum
1503 1002 1755 1043 oppidarumque

334 1054 474 1086 assiduis
503 1055 603 1085 Roma
632 1055 751 1085 nuntiis
781 1055 979 1095 fatigaretur.
1027 1054 1142 1086 deinde
1166 1055 1210 1086 ita
1232 1055 1316 1094 iugis
1340 1058 1371 1086 et
1393 1053 1512 1085 torrida
1535 1053 1660 1084 siccitas
1683 1053 1752 1092 fuit,

336 1109 369 1137 ut
399 1105 556 1146 presentis
586 1108 661 1136 tunc
684 1106 843 1145 futurique
867 1106 941 1136 anni
965 1115 1053 1146 spem
1077 1105 1246 1146 gignendis
1269 1109 1372 1137 terrae
1395 1105 1549 1136 fructibus
1575 1104 1753 1145 abnegarit.

335 1156 522 1196 hisdemque
537 1156 732 1197 temporibus
749 1158 905 1187 Fidenates
922 1162 1024 1187 vonna
1039 1159 1185 1187 Romanos
1204 1157 1425 1187 rebellaverint!
1440 1156 1648 1187 maximorum
1665 1154 1756 1186 auxi-

336 1207 448 1238 liorum
471 1217 567 1238 manu
590 1207 736 1248 stipante.
762 1206 771 1248 ΙΙ
793 1208 923 1248 insuper
946 1209 1100 1238 (attilium

237 1265 265 1288 12
290 1260 417 1289 Fidenae
451 1257 459 1299 Γ
492 1258 545 1288 vix
569 1264 656 1297 capta
679 1263 705 1288 et
728 1260 832 1289 excisa
862 1262 918 1290 est.
968 1262 1056 1290 tanta
1085 1259 1117 1289 in
1145 1258 1226 1299 ipsis
1249 1258 1380 1289 Fidenis
1410 1261 1477 1289 erat
1505 1258 1659 1289 malorum
1686 1257 1757 1289 ani-
1771 1269 1806 1289 01.
1823 1269 1859 1288 1223

337 1319 521 1348 morumque
545 1309 712 1348 contentio7
740 1313 773 1340 ut
796 1310 846 1340 vel
870 1309 1060 1341 domesticas
1084 1309 1192 1340 clades
1216 1309 1385 1349 superfusa
1408 1309 1584 1340 forinsecus
1600 1309 1686 1340 bella
1701 1309 1757 1339 ob-

337 1360 501 1392 literarent
530 1360 581 1390 vel
608 1363 679 1400 post
702 1359 818 1391 damna
840 1361 995 1391 bellorum
1018 1360 1159 1392 indutias
1183 1361 1344 1391 relaxatas
1368 1359 1514 1391 diversae
1537 1363 1645 1400 pestes
1669 1359 1757 1390 caelo

336 1415 501 1451 terraeque
525 1410 794 1442 excandescentes
817 1411 1002 1443 incessabili
1025 1411 1228 1442 infestatione
1259 1414 1504 1451 corrumperent.
1558 1410 1609 1441 his
1640 1410 1757 1442 deinde
1825 1423 1859 1442 mn

336 1462 531 1503 temporibus
561 1462 751 1502 gravissimo
781 1466 950 1493 terremotu
975 1472 1129 1493 concussa
1153 1462 1264 1493 Sicilia
1292 1461 1399 1493 insula
1429 1472 1485 1503 per
1516 1461 1756 1493 exestuantibus

338 1514 419 1544 Etne
449 1513 563 1544 montis
592 1513 720 1553 ignibus
751 1513 933 1553 favillisque
964 1513 1077 1544 calidis
1108 1524 1178 1544 cum
1213 1513 1401 1544 detrimento
1440 1512 1574 1554 plurimo
1611 1522 1758 1552 agrorum

341 1564 552 1603 villarumque
576 1567 701 1595 vastata
724 1567 782 1595 est.
829 1567 903 1595 tunc
932 1564 1027 1595 etiam
1050 1564 1222 1595 Athalante
1246 1564 1358 1595 civitas
1382 1563 1490 1594 Locris
1513 1563 1671 1594 adherens
1695 1566 1760 1594 ter-

337 1625 392 1646 rae
422 1615 569 1646 continua
591 1615 755 1656 repentino
780 1615 876 1646 maris
900 1615 1019 1656 impetu
1043 1615 1170 1646 abscisa
1193 1619 1287 1655 atque
1310 1615 1343 1646 in
1366 1615 1504 1646 insulam
1528 1614 1674 1646 desolata
1697 1617 1754 1645 est.

338 1666 580 1697 Atheniensium
612 1676 735 1706 quoque
766 1665 876 1697 civitas
900 1666 1016 1697 misera
1038 1666 1138 1707 pestis
1161 1666 1278 1697 invasit
1301 1666 1418 1706 diuque
1441 1665 1636 1706 depopulata
1658 1668 1718 1696 est.
1749 1664 1759 1706 ΓΙ

334 1722 401 1757 post
427 1719 531 1758 viginti
551 1717 636 1748 idem
660 1727 754 1747 αηηοε
777 1719 914 1757 Veqetaui
935 1717 1168 1747 rebellcwerzmt.
1209 1718 1337 1747 dictator
1360 1722 1466 1748 contra
1489 1719 1569 1757 ipsos
1586 1718 1696 1747 missus
1715 1720 1757 1746 ρει

338 1770 449 1798 Furias
468 1769 624 1805 Camillus,
650 1770 703 1808 qui
721 1770 855 1807 primum
880 1778 927 1798 eos
951 1769 1022 1798 ’μίση
1045 1770 1118 1805 acie,
1144 1779 1217 1798 ‘7710OE
1241 1771 1329 1798 etium
1353 1770 1499 1799 ciuitatem
1523 1769 1575 1797 eliu
1592 1768 1727 1797 obsidens
1749 1765 1759 1808 ss

338 1819 491 1850 cuniculis
515 1819 596 1850 clam
618 1818 627 1860 ΓΙ
650 1821 744 1859 caepit
760 1820 1000 1859 antiquissimum
1019 1820 1126 1849 Italiae
1142 1824 1229 1859 utque
1244 1820 1423 1849 (litissimcmz
1446 1817 1455 1860 ΓΙ
1477 1819 1668 1857 inventaque
1683 1817 1728 1849 ibi
1750 1817 1759 1859 ΙΙ
1772 1834 1807 1852 0,,
1825 1834 1860 1853 240

338 1873 475 1901 statuam
492 1870 621 1901 Iunonis
639 1870 785 1901 Monetae
801 1870 894 1900 iussit
909 1880 947 1900 ea
962 1870 1094 1900 Romam
1110 1870 1283 1901 transferri.
1326 1880 1407 1900 unus
1431 1880 1447 1900 e
1471 1870 1624 1900 militibus
1640 1879 1696 1910 per
1710 1868 1757 1899 io-
1772 1885 1825 1909 Nep,
1840 1886 1859 1907 u,
1876 1885 1885 1903 4

342 1932 412 1952 cum
428 1921 635 1961 interrogavit
651 1921 865 1959 simulacrum7
888 1931 927 1951 an
945 1921 1043 1952 vellet
1058 1921 1103 1951 ire
1119 1922 1262 1952 Romam.
1302 1921 1466 1962 respondit
1485 1921 1600 1952 ‘voloH
1626 1919 1635 1961 ΓΙ
1654 1924 1757 1960 postea

242 1979 272 2002 18
295 1974 424 2003 civitate.
457 1972 466 2013 ss
497 1972 612 2003 dehinc
634 1972 772 2012 inruptio
796 1971 960 2003 Gallorum
985 1975 1016 2003 et
1038 1972 1219 2003 incendium
1242 1972 1329 2003 urbis
1351 1972 1537 2011 insequitur.
1579 1971 1629 2002 cui
1652 1970 1758 2002 claudi
1772 1987 1806 2006 01,
1824 1986 1911 2005 uum

340 2023 459 2054 audeat
474 2023 652 2063 quisquam.
680 2023 707 2054 si
723 2026 836 2064 potest,
863 2023 987 2063 aliquos
1010 2026 1112 2054 motus
1136 2023 1230 2054 huius
1253 2023 1404 2063 temporis
1427 2032 1620 2064 comparare,
1647 2032 1758 2062 quam-

340 2075 388 2105 vis
418 2084 481 2105 non
507 2084 610 2113 aeque
634 2074 753 2115 pendat
775 2074 917 2114 preteriti
940 2074 1016 2105 mali
1040 2074 1181 2105 fabulam
1205 2074 1362 2115 presentis
1384 2074 1509 2105 iniuria.
1557 2073 1654 2113 igitur
1679 2074 1761 2103 Galli

342 2127 472 2156 Senones
503 2124 582 2156 duce
606 2125 731 2156 Brenno
763 2125 903 2156 exercitu
927 2125 1052 2165 copioso
1076 2128 1107 2156 et
1129 2125 1255 2156 robusto
1278 2125 1373 2156 nimis
1397 2134 1467 2156 cum
1490 2125 1599 2156 urbem
1623 2124 1756 2163 Clusini7

340 2187 422 2217 quae
444 2187 526 2207 nunc
550 2176 667 2207 Tuscia
690 2176 813 2215 dicitur,
841 2175 1032 2215 obsiderent7
1062 2176 1185 2215 legatos
1208 2176 1428 2215 Romanorum,
1461 2176 1515 2216 qui
1536 2179 1610 2207 tunc
1632 2185 1760 2216 compo—

341 2227 445 2259 nende
467 2227 550 2258 inter
573 2236 626 2258 eos
648 2227 737 2268 pacis
761 2227 864 2267 gratia
886 2230 1049 2266 venerant⁷
1076 2226 1108 2257 in
1131 2227 1220 2258 aciae
1243 2226 1412 2258 adversum
1437 2236 1471 2257 se
1487 2226 1595 2257 videre
1614 2236 1761 2266 pugnan-

341 2282 405 2316 tes3
433 2288 494 2318 qua
516 2278 735 2318 indignatione
752 2278 885 2319 permoti
902 2278 1025 2309 Clusini
1049 2278 1156 2319 oppidi
1180 2277 1343 2309 obsidione
1368 2277 1500 2308 dimissa
1521 2277 1617 2308 totius
1640 2276 1760 2307 viribus

342 2331 474 2361 Romam
498 2330 700 2360 contendunt.
740 2329 798 2360 hos
820 2329 865 2360 ita
887 2332 1081 2360 revertentes
1104 2329 1223 2360 Fabius
1246 2338 1317 2360 cum
1341 2328 1480 2360 exercitu
1504 2328 1614 2359 consul
1638 2328 1763 2368 excepit

342 2391 400 2412 nec
422 2384 528 2412 tamen
552 2380 681 2419 obstitit,
708 2380 803 2411 immo
826 2380 929 2421 potius
953 2380 1075 2411 hostilis
1098 2380 1174 2411 illae
1197 2380 1333 2421 impetus
1350 2380 1508 2411 Romanos
1524 2379 1616 2419 quasi
1639 2379 1760 2410 aridam

343 2435 485 2471 segetem
509 2431 643 2462 succidit
665 2431 776 2462 stravit
791 2434 822 2462 et
836 2431 992 2462 transivit.
1030 2434 1165 2462 testatur
1186 2431 1268 2462 hanc
1283 2431 1375 2462 Fabii
1399 2430 1522 2462 cladem
1546 2430 1660 2461 fluvius
1676 2430 1763 2461 Allia

344 2483 425 2514 sicut
447 2482 597 2514 Cremera
619 2482 806 2519 Fabiorum
844 2492 906 2513 non
929 2482 1013 2513 enim
1036 2482 1130 2513 facile
1154 2482 1270 2522 aliquis
1294 2481 1430 2512 similem
1452 2482 1576 2513 ruinam
1600 2482 1762 2512 Romanae

344 2533 477 2565 militiae
499 2536 688 2573 recenseret7
714 2533 809 2564 etiam
834 2533 860 2564 si
883 2534 982 2565 Roma
996 2533 1127 2574 insuper
1141 2533 1271 2564 incensa
1286 2543 1348 2564 non
1364 2536 1458 2565 esset.
1499 2535 1660 2574 patentem
1678 2532 1764 2563 Galli

151 2644 158 2661 1
181 2638 329 2660 linidinibus
344 2637 376 2660 711¹
407 2636 416 2668 ΙΙ
448 2643 459 2659 2·
480 2637 512 2665 cf.
529 2638 601 2659 etiarn
617 2636 658 2659 Or.
679 2638 740 2659 121:
761 2640 788 2659 ut
801 2637 924 2665 uirginiae
938 2638 1029 2665 uirgini
1045 2640 1159 2666 stuprum
1173 2637 1275 2659 inferret
1303 2635 1312 2668 [Ι
1341 2637 1447 2666 uirginia
1461 2636 1494 2658 ml
1525 2635 1534 2667 ΙΙ
1568 2640 1590 2659 11
1614 2636 1720 2666 populus
1736 2643 1763 2658 ess

182 2681 265 2710 populi
278 2679 313 2702 ml
342 2678 351 2711 ΙΙ
385 2683 411 2702 12
432 2680 581 2702 ammonitus
594 2678 627 2701 ml
643 2680 668 2701 in
681 2687 727 2702 rus.
759 2678 768 2711 ΙΙ
801 2684 828 2702 13
849 2686 862 2701 a
875 2679 932 2703 add.
949 2680 970 2701 L
999 2678 1008 2711 [Ι
1039 2684 1065 2702 :21
1089 2682 1127 2702 est
1139 2679 1195 2702 add.
1212 2680 1232 2701 L
1261 2678 1270 2710 ΙΙ
1300 2679 1388 2701 fidenis
1402 2686 1448 2702 om.
1468 2679 1520 2707 Or.‚
1542 2686 1553 2701 e
1566 2685 1620 2708 sup.
1635 2677 1693 2701 add.
1710 2678 1729 2700 L
1756 2676 1765 2709 ΙΙ

184 2727 213 2746 25
233 2722 315 2745 insula
333 2721 386 2754 per]
405 2723 508 2752 insuper
531 2722 572 2744 Or.
609 2720 618 2753 [Ι
655 2726 683 2745 22)
704 2723 792 2745 ciuitas
811 2723 899 2745 misera
917 2721 951 2744 τηῙ
973 2723 998 2745 in
1016 2729 1063 2744 ras.
1086 2723 1118 2744 :20
1137 2721 1187 2750 fere
1207 2722 1252 2744 litt.
1284 2720 1293 2752 ΙΙ
1322 2722 1410 2744 ciuitas
1430 2729 1478 2745 om.
1496 2720 1538 2745 Or.
1574 2720 1584 2752 ΓΙ
1621 2724 1650 2744 :92
1670 2727 1719 2750 que
1739 2722 1764 2743 in

183 2766 335 2795 inuentaque
354 2772 408 2794 sup.
429 2766 472 2787 lin.
510 2763 520 2796 [Ι
557 2769 583 2788 34
606 2772 697 2787 romam
715 2772 761 2788 om.
784 2765 842 2794 Nep.
880 2764 889 2796 Ι]
926 2769 953 2788 ιιιι
976 2765 1094 2787 aduersus
1114 2764 1148 2786 ml
1184 2762 1193 2795 ΓΙ
1230 2768 1256 2786 41
1280 2765 1336 2786 totis
1354 2762 1391 2786 m3
1425 2762 1434 2795 ΙΙ
1470 2768 1499 2787 42³
1521 2770 1629 2787 romanos
1648 2770 1694 2786 om.
1720 2763 1761 2786 Or.
