2023 3093
132 708 158 726 10

129 1219 158 1238 ‘lo

127 1733 156 1749 ΞΗ)

130 2244 155 2262 lo

184 237 247 269 104

877 145 1106 171 LANnoLFvs.
1735 148 1795 177 285

408 248 477 269 cum
501 242 687 279 oportunum
710 238 772 279 ipsi
797 239 897 269 locum
922 239 1049 269 insidiis
1073 239 1232 279 provisum
1256 240 1498 280 occupavissent
1521 243 1615 280 atque
1639 240 1697 271 boc
1714 250 1798 271 com—

407 294 494 330 perto
518 289 651 321 Romani
683 289 725 320 ad
754 289 945 320 insidiarum
974 290 1075 320 locum
1107 290 1251 321 instructi
1279 290 1476 331 ordinatique
1501 291 1679 324 venissent.
1713 302 1798 321 com-

408 340 504 371 misso
531 340 654 381 praelio
677 339 809 370 Romani
834 340 945 370 Gallos
970 340 1130 379 fugientes
1154 340 1278 371 hisdem
1303 341 1439 372 locorum
1463 342 1700 379 munitionibus,
1728 342 1799 381 qui-

407 392 465 422 bus
482 391 582 422 clausi
599 391 734 424 fuerant.
761 391 959 421 incluserunt
980 395 1170 431 cunctosque
1194 392 1235 422 ad
1258 392 1496 424 internicionem
1521 393 1712 424 ceciderunt.
1754 393 1796 423 ibi

406 442 563 473 Chorreus
586 443 638 473 vel
655 442 762 482 fugam
780 442 830 473 vel
848 442 1041 473 deditionem
1059 442 1240 473 detractans
1257 444 1426 483 Romanos,
1454 448 1487 475 ut
1506 445 1598 475 vivus
1619 448 1793 485 caperetur.

407 493 561 524 instantes
586 493 768 533 occidendo7
796 497 829 523 nt
852 493 1056 532 occideretur7
1089 493 1201 533 coegit.
1250 493 1347 533 igitur
1370 505 1439 525 eum
1464 498 1608 535 pacatam
1634 505 1703 526 esse
1728 495 1798 525 uni—

408 554 531 575 versam
564 544 703 575 Galliam
735 545 834 575 Cesar
871 554 973 583 neque
1010 554 1159 575 ausuram
1196 545 1261 576 fore
1292 545 1333 575 ad
1363 546 1486 585 aliquos
1520 546 1660 586 aspirare
1695 550 1797 576 motus

406 596 628 633 arbitraretur7
657 595 800 635 legiones
824 595 856 626 in
880 595 1013 626 biverna
1037 596 1166 627 dimisit.
1215 596 1284 636 ipse
1308 600 1412 627 tamen
1437 597 1596 636 Abiorigis
1620 597 1716 629 fines.
1744 597 1795 636 qui

406 650 451 677 tot
473 647 559 677 bella
582 647 816 679 excitaverant,
852 647 1009 677 horrenda
1032 647 1193 677 bominum
1218 651 1324 687 strage
1348 648 1495 678 vastavit.
1544 652 1577 679 at
1600 659 1672 679 vero
1697 648 1797 678 (laius

406 698 558 728 Caninius
582 698 708 738 legatus
732 698 850 728 bellum
875 698 961 738 apud
985 698 1132 729 l'ictonas
1155 698 1292 730 invenit.
1327 699 1379 729 ubi
1408 709 1525 738 magna.
1556 699 1690 730 hostium
1716 699 1797 729 mul—

406 748 506 779 titudo
529 749 714 789 impeditam
739 749 849 780 itinere
867 749 1025 788 legionem
1043 749 1250 780 circumdedit
1265 753 1359 788 atque
1377 749 1417 780 ad
1435 754 1608 780 extremum
1627 750 1796 780 discrimen

406 799 550 830 adduxit.
598 810 688 841 porro
719 804 824 831 autem
848 800 966 830 Fabius
991 800 1116 839 legatus
1140 800 1279 841 acceptis
1304 801 1428 832 Caninii
1452 801 1564 832 litteris
1588 802 1619 832 in
1643 802 1796 832 l'ectonas

406 851 613 891 proficiscitur
642 851 748 891 ibique
779 862 798 882 a
827 851 962 892 captivis
993 851 1032 882 de
1064 852 1277 892 oportunitate
1308 852 1446 883 locorum
1478 852 1590 883 certior
1620 853 1721 883 factus
1748 852 1797 882 in—

406 902 572 942 opinantes
610 903 716 934 hostcs
753 902 901 943 opprimit
936 903 1124 941 magnisque
1164 903 1323 942 stragibus
1361 903 1453 934 factis
1490 904 1644 944 plurimas
1682 903 1797 944 predas

406 953 483 992 agit.
533 953 648 985 deinde
679 964 749 984 cum
774 953 906 984 Caninio
938 953 1063 993 signum
1096 954 1252 985 adventus
1284 955 1331 984 sui
1356 954 1513 993 dedisset,
1548 955 1702 985 caninius
1725 955 1797 985 totis

406 1004 517 1035 castris
549 1005 651 1036 subito
682 1005 804 1036 insiluit
833 1015 967 1044 seseque
998 1005 1106 1036 iniecit
1136 1005 1229 1036 hosti.
1282 1006 1326 1036 ita
1359 1006 1455 1036 Fabio
1486 1017 1523 1037 cx
1554 1006 1617 1036 alia
1649 1010 1737 1047 parte
1768 1009 1797 1036 ct

405 1055 538 1086 Caninio
570 1066 609 1087 ex
640 1056 741 1087 altera
769 1056 935 1087 insistente
968 1056 1105 1086 maximo
1138 1060 1170 1087 et
1201 1056 1348 1087 diuturno
1372 1057 1455 1087 bello
1480 1058 1663 1088 innumerae
1688 1058 1797 1087 (lallo-

406 1117 472 1137 rum
514 1107 602 1148 copie
644 1107 798 1138 trucidate
841 1110 924 1137 sunt.
979 1107 1053 1137 inde
1096 1107 1212 1138 Fabius
1254 1108 1285 1138 in
1320 1108 1497 1139 Carnuntes
1538 1109 1697 1149 profectus
1737 1112 1795 1139 est.

407 1158 528 1188 sciebat
544 1158 625 1189 enim
643 1158 839 1188 Donmacum
865 1158 976 1188 ducem
1001 1158 1257 1197 antiquissimum
1281 1159 1464 1189 rebellionis
1487 1160 1582 1190 totius
1606 1160 1796 1190 incentorem

405 1208 527 1239 abhoc
552 1209 636 1239 bello
661 1209 822 1249 elapsum⁷
858 1209 882 1239 si
908 1209 1098 1239 Aremoricis
1129 1210 1277 1248 gentibus
1308 1210 1476 1241 adiunctus
1508 1214 1608 1242 essct.
1644 1211 1798 1241 maximos

406 1259 519 1290 iterum
551 1260 583 1290 in
614 1260 722 1290 Gallia
752 1260 904 1291 tumultos
935 1270 1006 1291 esse
1037 1264 1204 1291 moturum.
1256 1261 1313 1292 sed
1343 1271 1396 1292 eos
1427 1262 1531 1293 adhue
1560 1262 1628 1303 ipsa
1661 1262 1798 1292 novitate

406 1311 603 1351 trepidantes
634 1311 711 1342 mira
743 1311 857 1342 virtute
888 1315 918 1342 et
946 1311 1108 1342 celeritate
1132 1311 1320 1352 perdomuit.
1368 1312 1487 1343 interea
1513 1314 1649 1354 Draptes
1673 1324 1797 1352 unaque

408 1362 569 1393 Lecterius
594 1372 663 1393 cum
687 1362 800 1393 adesse
826 1362 993 1393 Caninium
1018 1366 1048 1393 et
1071 1363 1214 1402 legiones
1238 1363 1268 1393 in
1293 1363 1409 1394 finibus
1434 1364 1500 1394 suis
1524 1364 1676 1395 riderent.
1705 1364 1798 1395 undi-

407 1424 467 1452 que
498 1414 650 1444 collectisv
672 1413 771 1454 copiis
803 1413 952 1454 oppidum
979 1413 1179 1444 Veludunum
1205 1418 1368 1454 occupant.
1418 1415 1476 1446 hoc
1499 1416 1648 1456 oppidum
1673 1416 1703 1446 in
1729 1416 1797 1446 edi-

406 1464 530 1495 tissima
559 1464 675 1495 montis
707 1474 779 1495 arce
811 1464 988 1505 pendebat,
1025 1464 1149 1495 duabus
1178 1464 1323 1504 partibus
1353 1476 1409 1506 per
1439 1466 1574 1507 abrupta
1605 1467 1705 1497 laterav
1736 1477 1796 1497 non

407 1526 502 1556 parvo
519 1515 646 1547 flumine
665 1516 875 1555 unguebatur-7
903 1515 1007 1546 medio
1032 1515 1148 1546 deinde
1172 1515 1316 1546 discessu
1340 1517 1520 1557 largissimo
1544 1518 1628 1549 fonte
1652 1528 1795 1549 securum

406 1567 603 1607 plurimaque
627 1567 796 1598 introrsum
821 1567 914 1607 copia
937 1567 1085 1597 frumenti
1110 1570 1209 1597 tutum
1233 1567 1340 1598 irritus
1356 1569 1463 1608 procul
1482 1569 1643 1600 discursus
1660 1570 1795 1600 hostium

406 1618 612 1659 despiciebat.
658 1618 810 1649 Caninius
835 1618 918 1657 quod
943 1618 1042 1649 solum
1062 1619 1204 1648 Romana
1227 1619 1406 1659 provisione
1430 1620 1541 1660 potuit⁷
1567 1621 1676 1651 ambos
1700 1620 1796 1651 duces

404 1680 473 1700 eum
499 1674 586 1711 parte
611 1670 770 1710 copiarum
803 1670 938 1710 plurima.
968 1669 999 1699 in
1030 1680 1176 1710 campum
1206 1673 1352 1701 evocatos
1383 1671 1520 1701 maximo
1551 1672 1670 1711 praelio
1702 1682 1796 1712 supe—

405 1721 495 1752 rarit.
545 1732 616 1752 nam
643 1731 703 1752 uno
728 1731 744 1752 e
774 1721 906 1751 ducibus
937 1721 1102 1752 interfecto
1133 1721 1214 1752 alter
1236 1732 1306 1751 cum
1332 1722 1532 1762 paucissimis
1557 1723 1654 1762 fugit.
1691 1724 1796 1753 nullus

405 1772 435 1802 in
474 1772 622 1813 oppidum
662 1772 753 1803 redit.
802 1772 858 1803 sed
893 1772 934 1803 ad
969 1771 1001 1802 id
1036 1772 1283 1812 oppugnamlum
1316 1773 1432 1803 Cesare
1464 1784 1542 1814 opus
1572 1774 1640 1804 fuit.
1690 1774 1795 1813 itaque

406 1823 518 1854 certior
548 1834 604 1863 per
633 1824 761 1854 nuntios
793 1823 895 1854 factus
919 1823 1017 1854 Cesar
1047 1823 1182 1854 occurrit
1205 1823 1502 1863 ei1·eumspcctis‹pie
1526 1824 1671 1855 omnibus
1696 1825 1791 1857 vidct.

405 1874 428 1904 si
455 1885 638 1915 expugnare
662 1875 692 1905 vi
716 1874 874 1907 moliatur.
904 1874 977 1905 ludo
1001 1877 1032 1905 et
1055 1875 1235 1914 spectaculo
1259 1875 1394 1905 hostium
1419 1875 1589 1906 delendum
1615 1886 1685 1907 csse
1705 1887 1796 1907 exer—

404 1925 498 1956 citum
524 1936 632 1965 suum⁷
668 1936 762 1956 unmn
796 1926 896 1956 solum
925 1935 995 1956 esse
1020 1925 1161 1965 presidii7
1196 1925 1223 1956 si
1247 1936 1370 1964 quoquo
1393 1927 1486 1957 modo
1510 1927 1615 1958 hostes
1638 1938 1719 1967 aqua
1744 1938 1795 1958 ar—

404 1981 544 2007 ceantur.
594 1977 651 2008 sed
689 1981 720 2008 ct
755 1977 813 2007 hoo
844 1987 967 2016 quoque
999 1977 1059 2007 nisi
1092 1979 1191 2007 Cesar
1221 1987 1281 2007 non
1311 1977 1483 2017 potuisset:
1525 1978 1679 2018 siquidem
1712 1979 1791 2012 fons.

404 2039 464 2067 quo
488 2029 529 2059 ad
554 2032 659 2069 potum
684 2028 868 2060 utebantur.
904 2027 1008 2058 medio
1039 2027 1146 2058 direxi
1180 2028 1294 2058 montis
1326 2028 1423 2059 latere
1448 2028 1648 2059 fundebatur.
1697 2031 1796 2060 Cesar

403 2079 445 2110 ad
475 2079 653 2120 proximum
685 2079 780 2109 fontis
811 2079 973 2109 admoveri
1002 2079 1111 2109 vineas
1135 2079 1307 2117 turrimque
1332 2079 1433 2109 extrui
1456 2079 1554 2110 iubet.
1603 2080 1637 2111 tit
1660 2091 1794 2120 magnus

402 2130 474 2161 ilico
509 2140 679 2161 concursus
714 2141 752 2161 ex
788 2129 915 2170 oppido.
971 2129 1085 2168 quibus
1120 2129 1188 2159 sine
1223 2130 1363 2170 periculo
1398 2130 1628 2171 praeliantibus
1664 2132 1794 2162 Romani

404 2182 549 2221 quamvis
573 2181 775 2222 pertinaciter
799 2181 989 2212 obsistermit
1013 2181 1215 2219 crebriusque
1240 2181 1463 2213 succederent.
1499 2182 1676 2222 complures
1700 2183 1795 2213 truci—

405 2233 529 2264 dantur.
568 2233 674 2273 ,igitur
697 2233 852 2263 extruitur
875 2243 975 2272 agger
998 2236 1028 2263 et
1052 2232 1146 2263 turris
1171 2232 1287 2272 pedum
1312 2232 1489 2272 sexaginta,
1521 2233 1608 2263 cuius
1634 2236 1740 2264 vertex
1766 2238 1796 2264 et

403 2294 519 2324 equare
549 2284 591 2314 ad
622 2284 716 2314 fontis
748 2284 848 2314 locum
882 2283 995 2323 possit,
1038 2286 1071 2313 ut
1111 2284 1158 2313 rel
1195 2293 1233 2313 ex
1265 2293 1344 2322 equo
1375 2284 1439 2314 tela.
1469 2284 1567 2314 c‹iniici
1599 2288 1715 2323 queant
1746 2285 1794 2315 rel

404 2335 590 2376 precipitata
614 2335 751 2376 desuper
775 2345 922 2365 saxorum
948 2334 1109 2365 volumina
1132 2344 1193 2364 non
1216 2334 1328 2364 timeri.
1370 2334 1519 2375 oppidani
1544 2339 1648 2365 autem
1670 2335 1723 2365 ubi
1740 2346 1795 2365 cx-

403 2387 537 2417 animari
562 2386 612 2417 siti
636 2397 697 2417 non
722 2387 822 2416 solum
848 2396 961 2426 pecora
985 2395 1042 2416 sua
1064 2396 1172 2415 verum
1197 2385 1291 2416 etiam
1317 2385 1502 2416 infirmiores
1520 2386 1678 2416 bominum
1696 2390 1796 2417 etates

406 2438 529 2471 vident.
566 2448 663 2478 cupas
697 2438 765 2478 pice
797 2447 871 2468 sevo
904 2440 934 2467 et
962 2437 1115 2467 scindulis
1139 2437 1277 2477 repletas
1301 2447 1338 2467 ac
1363 2436 1477 2467 deinde
1502 2437 1641 2467 immisso
1666 2438 1738 2475 igne
1764 2438 1793 2468 in

405 2500 502 2529 prona
532 2489 723 2529 precipitant
747 2499 865 2527 easque
890 2488 951 2529 ipsi
975 2492 1037 2519 toto
1061 2488 1175 2528 oppido
1200 2488 1292 2518 eti'usi
1316 2489 1559 2526 subsequuntur.
1609 2488 1794 2520 ardentibus

403 2540 557 2570 machinis
588 2550 657 2571 eum
689 2550 785 2579 grave
810 2539 943 2580 prelium
969 2539 1035 2569 suis
1060 2541 1158 2570 Cesar
1181 2550 1217 2569 ae
1242 2539 1452 2579 periculosum
1479 2539 1617 2572 rideret.
1652 2540 1793 2570 cobortes

403 2592 434 2622 in
459 2591 589 2622 circuitu
614 2591 723 2632 oppidi
747 2591 791 2621 ire
817 2591 967 2622 velociter
990 2601 1046 2631 per
1069 2591 1224 2621 occultum
1253 2590 1387 2630 imperat
1410 2593 1504 2628 atque
1530 2590 1667 2629 undique
1692 2591 1794 2622 subito

181 2735 185 2753 1
215 2738 295 2751 »ocum
316 2730 348 2751 ⁷11¹
385 2728 394 2761 Η
430 2737 441 2751 a
468 2731 623 2752 excitaucrat
641 2729 675 2751 7111
711 2728 720 2760 Η
757 2734 783 2752 *Η
812 2730 824 2751 d
846 2731 870 2751 in.
891 2729 1044 2751 meludunum
1068 2728 1104 2749 '1112'
1124 2730 1147 2749 in
1170 2736 1214 2750 rursv
1238 2730 1311 2749 unilt<
1331 2729 1376 2750 lill.
1415 2727 1424 2758 Η
1461 2733 1489 2750 241
1517 2727 1684 2759 uvam-luatur}
1709 2730 1778 2751 ‹inm-

212 2774 280 2796 batur
301 2774 341 2795 Ην,

380 2771 389 2803 Η
424 2774 543 2794 <lesi-mmm
568 2774 610 2795 Ην,
647 2772 656 2803 ΙΙ
697 2777 722 2794 111
743 2776 765 2794 ci
786 2775 836 2801 ΙιιικΙ
857 2776 941 2793 uertex
964 2780 1009 2794 11111,
1035 2774 1074 2793 ΗΓ.

1817 556 1848 574 lou

1814 1323 1849 1341 »1117

1810 1937 1846 1954 >lox
