2023 3093
284 145 343 173 2513

285 236 325 267 74

351 1214 365 1235 1¹
399 1213 412 1234 :ss

233 1672 268 1690 leot

384 1974 412 1997 15

387 2280 414 2302 111

292 2579 333 2609 ῒϋ
404 2585 417 2607 2

976 144 1206 171 LANDOLFVs.

480 237 633 268 Claudius
664 238 881 269 Vnimammus
916 248 985 269 cum
1021 249 1136 279 magno
1170 240 1322 270 instructu
1356 240 1432 270 belli
1464 245 1569 271 contra
1602 240 1756 271 111-13111111
1786 241 1902 272 missus

481 289 570 328 quasi
597 298 651 329 pro
676 289 845 320 abolienda
871 289 1032 330 superiore
1057 290 1180 321 macula
1205 291 1374 331 turpiorem
1400 291 1468 331 ipse
1492 290 1581 321 auxit
1604 290 1779 322 infamiam.
1827 302 1899 322 nam

480 348 669 379 congressus
693 349 762 370 cum
788 340 906 371 Viriato
930 340 1112 372 universas.
1147 351 1226 381 quas
1250 351 1355 372 secum
1380 341 1566 372 deduxerat.
1598 342 1705 382 copias
1728 342 1902 373 maximas-

480 399 540 430 que
571 390 654 421 vires
678 390 810 421 Romani
840 391 945 422 amisit
976 392 1143 423 exercitus.
1194 392 1333 423 Viriatus
1363 392 1490 424 trabeas
1520 392 1624 423 fasces
1655 396 1820 433 ceteraque
1851 393 1901 424 in-

480 441 583 481 signia
617 441 757 472 Romana
796 441 826 472 in
864 442 1022 473 montibus
1060 443 1126 473 suis
1163 446 1305 483 tropeum
1342 444 1478 484 prefixit.
1527 443 1639 474 eodem
1667 448 1807 484 tempore
1837 448 1901 475 tre—

480 493 562 523 centi
587 492 728 523 Lusitani
761 502 830 523 cum
862 493 949 524 mille
974 494 1124 524 Romanis
1147 494 1177 524 in
1203 494 1339 533 quodam
1365 495 1446 525 saltu
1471 498 1654 525 contraxere
1678 505 1835 535 pugnam.
1869 495 1900 525 in

478 553 539 583 qua
563 543 765 583 septuaginta
789 544 974 576 Lusitanos.
1001 544 1160 575 Romanos
1183 549 1288 576 31116111
1312 549 1467 576 trecentos
1491 545 1604 585 biginti
1628 545 1780 576 cecidisse
1805 546 1902 576 (flau—

479 594 551 624 dius
575 593 681 625 refert.
731 604 800 625 cum
832 594 967 626 victores
992 595 1134 626 Lusitani
1164 596 1266 636 sparsi
1298 605 1334 626 ac
1365 596 1467 626 securi
1497 596 1638 627 abirent.
1674 606 1754 627 unus
1783 606 1820 627 ex
1853 597 1902 627 his

478 645 572 685 longe
595 655 613 675 a
639 645 751 676 eetem's
774 650 962 686 segregatus
986 655 1055 677 cum
1076 646 1274 677 circumfusis
1299 646 1458 686 equitibus
1482 647 1580 687 pedes
1595 647 1665 688 ipse
1683 647 1902 688 deprehensus

479 696 571 727 unius
595 706 701 727 eorum
727 706 807 736 equo
832 697 942 728 lancea
967 697 1110 738 perfosso
1134 697 1234 738 ipsius
1257 697 1373 737 equitis
1398 697 1439 728 ad
1463 707 1559 728 unum
1576 697 1676 737 gladii
1693 698 1788 729 ictum
1806 702 1900 739 caput

478 746 685 778 desecuisset.
719 747 761 778 ita
794 757 903 779 omnes
933 751 1019 779 metu
1051 748 1189 788 pertulit.
1224 752 1257 779 ut
1280 748 1554 788 prospectantibus
1578 748 1699 780 cunctis
1729 749 1798 790 ipse
1826 759 1901 780 6011-

478 801 616 839 temptus
646 803 741 838 atque
772 799 890 830 otiosus
920 799 1117 830 abscederet.
1174 799 1276 839 Appio
1307 799 1442 830 Claudio
1473 799 1588 836 Quinto
1624 799 1742 830 Cecilio
1774 800 1901 831 Metello

479 849 661 880 consulibus
686 850 808 890 Appius
833 850 987 881 Claudius
1018 850 1172 881 adversus
1204 850 1352 881 Salassos
1379 850 1490 881 Gallos
1520 860 1710 890 congressus
1740 855 1771 882 et
1800 851 1901 882 victus

478 900 616 940 quinque
640 900 727 931 milia
753 900 886 931 militum
910 900 1067 941 perdidit.
1102 905 1248 942 separata
1276 911 1383 942 pugna
1413 901 1550 941 quinque
1575 901 1661 932 milia
1686 901 1822 933 hostium
1848 912 1901 932 oc—

478 950 565 982 cidit.
622 951 678 982 sed
710 961 781 982 cum
811 951 898 982 iuxta
931 952 1052 991 leg-em.
1087 961 1148 991 qua
1180 952 1383 983 constitutum
1415 956 1498 984 erat.
1534 956 1568 983 ut
1598 952 1731 991 quisque
1762 953 1900 993 quinque

476 1002 563 1032 milia
599 1002 735 1032 hostium
770 1002 972 1042 peremisset.
1015 1002 1231 1043 triumphandi
1265 1002 1397 1034 haberet
1430 1006 1638 1043 potestatem.
1679 1003 1738 1034 iste
1777 1013 1900 1043 quoque

476 1052 670 1093 triumphum
701 1053 875 1094 expetisset
904 1057 1031 1094 propter
1054 1053 1216 1094 superiora
1241 1063 1315 1085 vero
1339 1053 1455 1085 damna
1478 1064 1539 1085 non
1562 1054 1816 1094 impetravisset.
1851 1055 1901 1085 in-

477 1103 553 1134 fami
576 1103 772 1144 impudentia
796 1107 890 1144 atque
914 1104 1085 1135 ambitione
1109 1113 1185 1135 usus
1202 1104 1334 1145 privatis
1351 1104 1530 1145 sumptibus
1545 1104 1760 1145 triumphavit.
1805 1105 1901 1137 Lucio

478 1154 596 1186 Cecilio
634 1155 762 1186 Metello
799 1155 915 1192 Quinto
949 1155 1048 1186 Fabio
1079 1155 1217 1186 Maximo
1249 1155 1426 1187 Sel-viliano
1461 1156 1643 1187 consulibus
1676 1156 1760 1188 inter
1796 1161 1901 1188 cetera

479 1205 624 1246 prodigia
656 1207 844 1246 ondroyinus
869 1208 976 1236 Romae
1007 1208 1090 1237 'risus
1122 1208 1206 1237 iussu
1239 1208 1413 1246 aruspicum
1440 1208 1467 1236 iu
1495 1217 1577 1237 more
1602 1217 1719 1238 mersus
1743 1212 1795 1238 cst.
1844 1208 1901 1239 sed

477 1256 556 1287 nihil
592 1256 689 1296 impie
729 1257 920 1297 expiationis
956 1257 1133 1298 procuratio
1164 1257 1308 1298 profecit.
1363 1267 1436 1288 113111
1466 1261 1553 1288 131113
1585 1257 1688 1289 subito
1718 1258 1899 1299 pestilentia

478 1311 544 1338 Oita
576 1311 634 1338 est.
667 1311 701 1338 ut
731 1308 865 1339 ministri
895 1318 1019 1348 quoque
1050 1308 1267 1339 faciendorum
1292 1307 1437 1339 funerum
1462 1308 1596 1349 prinnun
1619 1319 1683 1340 non
1707 1309 1898 1341 sufficerent.

479 1358 594 1389 deinde
624 1368 685 1388 non
717 1362 835 1390 essent.
882 1359 1008 1398 iamque
1039 1359 1135 1390 etiam
1166 1369 1281 1399 magne
1312 1359 1423 1390 doinus
1454 1369 1553 1390 vacue
1584 1360 1666 1391 vivis
1695 1360 1788 1400 plene
1820 1370 1902 1391 mor—

478 1409 541 1439 tuis
564 1413 800 1440 remanserunt.
832 1410 1012 1449 largissime
1035 1410 1203 1441 introrsum
1228 1409 1422 1441 hereditates
1446 1414 1476 1441 et
1500 1410 1577 1441 nulli
1602 1410 1729 1451 penitus
1752 1410 1898 1442 heredes.

479 1459 616 1499 denique
640 1460 702 1490 iam
727 1470 787 1491 non
813 1460 913 1491 solum
938 1461 969 1491 in
993 1461 1069 1491 urbe
1094 1461 1222 1492 vivendi
1247 1460 1303 1492 sed
1328 1461 1421 1492 etiam
1441 1461 1717 1501 adpropinquandi
1734 1461 1775 1492 ad
1793 1461 1900 1493 urbem
1922 1472 1952 1490 '.5

479 1511 657 1551 negabatur
680 1511 833 1542 facultas:
871 1515 934 1542 tam
967 1512 1034 1542 sevi
1066 1521 1121 1552 per
1151 1515 1248 1543 totam
1272 1512 1381 1542 urbem
1404 1512 1634 1543 tabescentium
1659 1512 1716 1543 sub
1739 1513 1830 1543 tectis
1853 1516 1901 1543 at-

479 1572 540 1601 que
572 1561 603 1592 in
636 1562 742 1593 stratis
772 1562 838 1593 suis
868 1562 1059 1594 cadaverum
1091 1567 1219 1603 putores
1250 1563 1470 1594 exalabantur.
1518 1562 1657 1603 expiatio
1685 1563 1740 1593 illa
1764 1563 1901 1594 crudelis

480 1616 511 1644 et
534 1612 617 1643 viam
641 1613 749 1644 mortis
773 1613 952 1644 hominum.
986 1616 1119 1644 mortem
1143 1613 1279 1644 hominis
1310 1613 1468 1644 instruens
1495 1613 1624 1644 tandem
1648 1613 1798 1645 Romanis
1821 1614 1903 1645 inter

480 1664 625 1694 miserias
642 1673 716 1694 suas
733 1663 1005 1695 erubescentibus.
1033 1674 1127 1704 quam
1144 1664 1259 1695 misera
1277 1667 1308 1695 et
1323 1674 1405 1694 vana
1423 1668 1516 1695 esset.
1544 1664 1688 1695 innotuit.
1729 1668 1802 1696 ante
1818 1665 1900 1696 enim

480 1715 511 1745 in
543 1715 729 1754 suffragium
760 1714 975 1755 preveniende
1005 1715 1106 1745 cladis
1138 1719 1184 1746 est
1221 1714 1328 1745 habita
1367 1719 1398 1746 et
1434 1715 1478 1745 sic
1515 1715 1695 1755 pestilentia
1733 1720 1901 1747 consecuta

481 1769 544 1796 est.
588 1775 648 1805 que
685 1769 791 1796 tamen
829 1766 896 1797 sine
934 1766 1009 1796 ullis
1047 1766 1274 1797 sacrificiorum
1306 1765 1574 1796 satisfactionibus
1603 1767 1820 1798 tantummodo
1851 1777 1902 1798 se-

482 1816 617 1846 cundum
649 1826 828 1847 mensuram
859 1817 966 1847 arcani
997 1816 1107 1847 iudicii
1139 1817 1265 1857 expleta
1297 1816 1490 1857 correptione
1515 1816 1625 1848 sedata
1649 1821 1706 1848 est.
1755 1828 1848 1858 quam
1877 1818 1902 1848 si

481 1866 618 1898 artifices
641 1867 688 1898 illi
713 1867 1013 1898 circumventionum
1045 1867 1230 1908 haruspices
1261 1868 1319 1898 sub
1350 1867 1431 1907 ipsa.
1465 1872 1499 1898 ut
1526 1868 1656 1899 assolet.
1691 1868 1902 1900 declinatione

482 1918 662 1948 morborum
686 1918 765 1949 forte
789 1918 1021 1949 celebrassent.
1056 1918 1165 1959 procul
1189 1918 1284 1949 dubio
1308 1918 1369 1948 sibi
1392 1917 1453 1948 diis
1477 1922 1508 1949 61
1530 1918 1641 1950 ritibus
1665 1919 1730 1950 suis
1753 1919 1902 1951 reductae

480 1968 625 1999 sanitatis
656 1968 790 2008 gloriam
821 1969 1050 2000 vindicassent.
1105 1969 1201 2009 igitur
1230 1969 1350 2000 Fabius
1380 1970 1514 1999 Metellus
1544 1969 1651 2000 consu]
1682 1969 1714 2000 111
1746 1971 1903 2001 Celtiberia
1925 1982 1955 1999 ·.-.

483 2023 590 2050 6011113
613 2019 781 2050 Lusitanos
805 2024 836 2051 61
858 2020 1013 2051 Viriatum
1047 2020 1202 2051 dimicans
1229 2020 1343 2050 Bac-cia
1375 2020 1535 2060 oppidum.
1570 2019 1654 2059 quod
1677 2020 1817 2052 Viriatus
1848 2022 1905 2051 ob—

484 2069 634 2101 sedebat.
676 2070 820 2111 depulsis
854 2071 998 2102 hostibus
1029 2071 1177 2102 liberavit
1207 2075 1238 2102 et
1267 2071 1298 2101 in
1330 2071 1522 2102 deditionem
1555 2080 1623 2102 cum
1655 2071 1799 2111 plurimis
1830 2072 1903 2103 aliis

484 2120 625 2151 castellis
656 2121 783 2162 recepit.
840 2121 915 2152 fecit
945 2121 1068 2152 facinus
1100 2121 1195 2152 etiam
1226 2121 1345 2152 ultimis
1375 2121 1518 2152 barbaris
1549 2121 1678 2161 Scythie
1707 2132 1769 2153 non
1800 2122 1903 2153 dicam

484 2172 623 2202 Romane
655 2172 728 2202 fidei
759 2176 790 2203 et
819 2172 1025 2203 moderationi
1058 2172 1249 2203 execrabile.
1298 2172 1479 2212 quingentis
1509 2172 1592 2203 6111111
1624 2173 1819 2214 plincipibus
1850 2184 1905 2204 eo-

484 2232 569 2253 rum.
608 2232 686 2262 quos
718 2223 868 2254 societate
899 2223 1049 2254 invitatos
1080 2223 1250 2254 deditionis
1280 2223 1348 2254 iure
1380 2227 1578 2263 susceperat.
1614 2233 1726 2254 manus
1756 2224 1900 2264 precidit.

484 2275 612 2310 Quintus
640 2276 792 2313 Pompeius
821 2274 981 2313 sequentis
1012 2274 1086 2305 anni
1119 2274 1226 2305 consul
1258 2273 1337 2304 fines
1364 2274 1626 2305 Numantinorum
1655 2275 1820 2314 ingressus
1851 2285 1904 2306 ac-

485 2328 575 2365 cepta
610 2325 747 2355 maxima
783 2325 873 2356 clade
909 2325 1055 2356 discessit
1088 2335 1149 2355 non
1185 2325 1285 2355 solum
1321 2325 1459 2355 exercitu
1494 2335 1594 2365 poene
1625 2326 1709 2356 omni
1738 2325 1904 2366 profligato

485 2385 592 2406 verum
618 2375 712 2406 etiam
736 2376 882 2416 plurimis
906 2376 1076 2414 nobilium7
1111 2375 1164 2415 qui
1194 2375 1222 2406 ei
1255 2376 1386 2406 militiae
1410 2375 1557 2407 aderant.
1592 2376 1800 2417 interemptis.
1849 2377 1904 2407 Vi-

485 2426 584 2457 riatus
608 2430 712 2457 autem
739 2436 808 2457 cum
833 2437 889 2467 per
911 2426 1161 2467 quattuordecim
1184 2436 1283 2457 annos
1307 2427 1465 2457 Romanos
1494 2426 1591 2457 duces
1614 2431 1707 2466 atque
1732 2427 1902 2458 exercitum

485 2476 698 2517 protrivisset.
733 2478 858 2508 insidiis
889 2487 1014 2509 suorum
1044 2477 1228 2508 interfectus
1256 2481 1303 2508 est
1326 2478 1357 2508 in
1381 2477 1439 2508 1106
1463 2478 1528 2509 solo
1552 2478 1702 2509 Romanis
1726 2478 1806 2509 circa
1832 2489 1901 2509 cum

486 2528 606 2559 fortiter
628 2528 807 2567 agentibus.
835 2529 919 2568 quod
943 2537 1145 2569 percussores
1169 2529 1237 2559 eius
1260 2527 1410 2568 indignos
1434 2528 1552 2569 premio
1568 2528 1746 2560 iudicarunt
1762 2528 1903 2560 dicentes

485 2589 646 2618 smmquum
669 2581 810 2609 Runuuu's
832 2580 985 2618 placuisse
1010 2581 1208 2619 imperatores
1232 2590 1248 2608 o
1273 2581 1337 2609 suis
1363 2580 1504 2609 militibus
1529 2581 1663 2618 iutcrfici.
1704 2583 1736 2610 at
1759 2589 1818 2619 ego
1842 2590 1902 2610 non

295 2720 316 2737 11
342 2718 482 2744 contemptu
504 2715 535 2736 rul
572 2714 581 2745 11
621 2720 646 2738 11⁵
674 2717 763 2738 salasso
783 2716 814 2737 1111
852 2715 860 2746 ΙΙ
900 2721 926 2738 15·
953 2719 1003 2738 erat
1023 2723 1050 2737 er
1070 2719 1138 2738 erant
1157 2715 1189 2738 111Ι
1227 2715 1235 2747 ΙΙ
1271 2718 1384 2745 quisquis
1408 2716 1449 2739 (tr.
1488 2714 1496 2747 ΙΙ
1534 2720 1562 2738 2⁴3
1588 2716 1766 2738 tabescentium
1786 2723 1813 2739 61·
1833 2720 1903 2739 taue-

343 2759 464 2779 Δ6661111311]
485 2756 519 2778 111“3
554 2756 562 2788 Ι]
603 2762 628 2779 to
651 2759 762 2780 inuitatis
781 2758 814 2779 ⁷71¹
850 2757 859 2788 Η
896 2762 926 2781 ⁴2
948 2765 1009 2787 pene
1031 2759 1061 2780 1111
1099 2757 1107 2789 Η
1146 2763 1173 2781 lui
1195 2759 1305 2781 dicentes
1325 2758 1381 2781 udal.
1406 2759 1423 2780 L

1925 707 1951 725 to

1924 962 1952 980 15

1923 1217 1952 1235 20

1923 1726 1952 1744 :30

1924 2235 1954 2253 40

1924 2489 1954 2507 45
