2023 3093
294 156 354 185 244
989 153 1218 180 LANDOLFVS.

293 248 340 279 48
494 259 530 279 eo
554 248 636 288 quod
660 248 758 288 legati
774 248 985 279 Romanorum
1009 248 1049 279 ab
1066 247 1186 288 Illyriis
1209 247 1365 279 interfecti
1390 251 1471 279 sunt.
1513 251 1584 288 post
1607 258 1677 279 cum
1701 248 1780 289 ipsis
1796 247 1916 288 Illyriis

496 299 727 330 atrocissimum
758 299 878 329 bellum
909 302 1034 337 gestum
1066 302 1130 337 est,
1165 298 1196 328 in
1224 307 1284 337 quo
1309 297 1416 328 multis
1440 297 1565 338 oppidis
1588 298 1777 339 populisque
1801 298 1917 329 deletis

400 358 428 380 111
495 350 606 390 reliqui
632 360 665 381 se
688 349 802 381 Fulvio
826 349 1071 390 Posthumioque
1096 349 1278 380 consulibus
1302 348 1492 380 dediderunt
1515 359 1550 379 ac
1574 353 1633 379 lum
1655 351 1789 388 primum
1812 359 1853 379 ex
1873 350 1917 379 Il-

496 403 574 431 lt'm'is
606 401 821 440 triumphatum
854 405 907 430 est.
968 400 1059 431 tertio
1090 399 1241 440 deinceps
1272 409 1354 430 anno
1384 399 1530 430 miseram
1562 399 1721 431 civitatem
1749 399 1916 439 sacrilegis

497 452 660 483 sacrificiis
683 452 767 482 male
790 455 935 492 petentes
959 451 1162 482 funestavere
1194 450 1370 491 pontifices.
1417 460 1553 490 namque
1584 450 1755 481 decemvin'
1784 459 1917 481 consue-
1938 461 1950 478 τ.

496 503 636 534 tudinem
661 502 784 543 priscae
809 502 1042 543 superstitionis
1066 501 1187 541 egressi
1205 501 1333 532 Gallum
1356 501 1458 532 virum
1482 505 1513 532 et
1529 501 1656 532 Gallam
1679 501 1830 532 feminam
1847 510 1916 532 cum

497 554 628 585 muliere
652 554 745 584 simul
770 554 894 584 Graeca
917 553 949 584 111
972 553 1070 593 phoro
1093 552 1201 583 boario
1225 552 1313 583 vivos
1337 551 1537 583 defoderunt.
1588 551 1645 583 sed
1668 552 1917 591 obligamentum

499 605 556 636 hoc
586 605 744 645 magicum
769 605 801 635 in
825 604 1015 635 eontrarium
1041 603 1186 634 continuo
1209 612 1336 634 versum
1360 606 1419 634 est.
1466 613 1603 643 namque
1627 603 1696 634 dira
1717 603 1807 643 illaS,
1840 611 1919 643 quas

497 656 650 688 fecerant.
685 660 884 687 externorum
915 658 1031 686 mortes
1062 653 1257 685 faedissimis
1288 663 1415 684 suorum
1446 653 1578 684 cedibus
1607 654 1824 694 expiaverunt.
1874 653 1918 684 si—

497 707 623 746 quidem
656 706 752 737 Lucio
782 706 898 737 Emilio
929 706 1041 737 Catulo
1072 705 1152 735 Gaio
1175 704 1273 735 Atilio
1298 704 1421 744 Regulo
1453 704 1634 735 consulibus
1663 714 1779 744 magna
1809 704 1918 735 formi-

496 758 569 789 dine
600 761 818 789 consternatus
849 760 978 788 senatus
1009 755 1186 787 defectione
1217 755 1380 796 Cisalpine
1413 754 1537 794 Gallie,
1573 764 1643 786 cum
1674 755 1768 786 etiam
1799 765 1837 786 ex
1868 755 1918 786 ul—

496 809 608 839 teriore
633 808 741 839 Gallia
771 808 884 848 ingens
916 807 1090 838 adventare
1121 805 1280 837 exercitus
1310 805 1525 844 nuntiaretur,
1558 805 1696 837 maxime
1720 805 1914 845 Cesatorum,

498 860 581 899 quod
611 869 725 890 nomen
749 869 811 889 non
835 858 940 898 gentis
965 857 1023 889 sed
1045 856 1334 889 mercennariorum
1359 856 1523 887 Gallorum
1547 860 1604 888 est.
1652 857 1760 896 itaque
1786 856 1919 897 permoti

498 911 645 941 consules
676 910 771 941 totius
801 909 916 940 Italiae
947 909 989 939 ad
1019 907 1193 949 presidium
1224 907 1349 948 imperii
1381 910 1565 939 contraxere
1593 908 1691 939 vires.
1744 917 1805 947 (1110
1836 907 1918 938 facto

498 962 529 992 in
560 961 723 1001 utriusque
756 960 896 992 consulis
927 959 1066 991 exercitu
1097 958 1257 998 octoginta
1280 958 1369 989 milia
1393 962 1583 990 armatorum
1606 958 1705 990 fuisse
1727 958 1915 997 referuntur,

499 1012 579 1043 sicut
601 1012 719 1043 Fabius
743 1011 929 1042 historicus.
957 1010 1011 1050 (1111
1034 1010 1107 1041 huie
1130 1009 1215 1040 bello
1238 1009 1392 1049 interfuit,
1419 1010 1553 1050 scripsit.
1603 1020 1641 1041 ex
1665 1009 1780 1049 quibus
1803 1010 1919 1040 Roma-

497 1073 606 1093 norum
631 1066 661 1094 et
685 1063 917 1103 Campanorum
948 1061 1076 1092 fuerunt
1102 1060 1245 1101 peditum
1268 1060 1399 1091 trecenti
1423 1060 1636 1100 quadraginta
1659 1064 1727 1092 octo
1749 1060 1838 1091 milia
1861 1060 1920 1091 du-

497 1118 604 1145 centa.
639 1114 779 1153 equitum
810 1123 884 1144 vero
913 1111 1028 1151 biginti
1059 1121 1115 1142 sex
1145 1111 1233 1142 milia
1258 1111 1416 1150 sexcenti,
1449 1115 1554 1142 cetera
1576 1111 1744 1142 multitudo
1766 1110 1918 1142 sociorum

499 1164 567 1195 fuit.
617 1165 784 1195 commisso
808 1163 929 1204 praelio
953 1162 1039 1203 apud
1062 1162 1220 1193 Arretium
1244 1162 1360 1193 Atilius
1385 1162 1493 1193 consul
1518 1162 1640 1193 occisus
1663 1166 1722 1193 est.
1762 1161 1920 1201 octoginta

497 1215 584 1246 milia
604 1216 816 1246 Romanorum
840 1224 898 1245 nec
922 1214 1035 1244 saltem
1059 1216 1157 1251 tanta,
1185 1216 1304 1252 quanta
1327 1222 1381 1243 eos
1396 1216 1513 1244 terrere
1530 1213 1649 1251 debuit,
1675 1222 1749 1244 cesa
1766 1212 1814 1243 sui
1830 1216 1919 1253 parte

499 1266 658 1306 fugerunt.
684 1276 757 1297 nam
781 1265 840 1296 tria
864 1265 953 1295 milia
976 1274 1084 1295 eorum
1107 1267 1181 1295 tunc
1204 1263 1371 1294 interfecta
1393 1263 1535 1294 historici
1557 1263 1695 1295 tradunt.
1742 1263 1826 1303 quod
1848 1263 1920 1294 ideo

499 1317 743 1357 ignominiosius
772 1316 958 1357 turpiusque
989 1319 1037 1346 est
1066 1319 1130 1346 tam
1160 1314 1270 1355 paucis
1299 1314 1426 1345 amissis
1457 1318 1545 1346 tanta
1576 1314 1706 1354 agmina
1739 1314 1916 1354 diffugisse,

499 1368 573 1407 quia
605 1378 638 1399 se
668 1368 701 1398 in
731 1367 804 1398 aliis
835 1366 975 1401 victoriis
1005 1376 1067 1396 non
1098 1365 1219 1396 viribus
1251 1365 1425 1396 animorum
1456 1365 1655 1406 pravaluisse
1685 1365 1742 1396 sed
1764 1365 1919 1396 bellorum

500 1419 704 1459 proventibus
727 1417 944 1459 prodiderunt.
993 1416 1063 1456 quis
1087 1416 1181 1448 enim.
1209 1426 1296 1455 rogo.
1323 1415 1356 1445 111
1380 1416 1519 1447 exercitu
1542 1416 1754 1447 Romanorum
1778 1415 1921 1447 erederet

500 1480 664 1500 numerum
693 1469 789 1500 istum
819 1468 918 1499 fuisse
950 1467 1062 1498 saltem
1093 1476 1154 1497 non
1179 1466 1249 1497 dico
1273 1466 1394 1505 fugisse
1406 1469 1417 1496 ⁴?
1457 1470 1528 1507 post
1550 1466 1629 1498 haec
1651 1466 1825 1497 seeundum
1849 1476 1918 1498 cum
1940 1476 1951 1496 2

499 1520 602 1551 Gallis
625 1520 780 1561 praelium
804 1522 929 1559 gestum
953 1522 1017 1557 est,
1052 1517 1085 1548 in
1116 1527 1176 1557 quo
1200 1518 1295 1558 plane
1320 1517 1532 1557 quadraginta
1554 1517 1644 1548 milia
1667 1517 1830 1548 Gallorum
1853 1521 1919 1548 tru-

400 1578 428 1600 li
496 1571 599 1602 cidata
623 1571 630 1613 11
653 1576 723 1601 smil
746 1575 772 1600 el
795 1570 964 1609 triumphus

199 1633 286 1652 01:250
332 1631 346 1652 1·
364 1629 392 1652 111
420 1629 425 1651 1
455 1625 563 1652 orarit.
597 1622 605 1664 11
635 1621 780 1661 sequenti
808 1630 891 1651 anno
914 1620 1042 1651 Mallius
1066 1620 1245 1659 Torquatus
1276 1622 1307 1650 et
1329 1618 1462 1650 Fulvius
1486 1619 1620 1650 Flaccus
1647 1619 1793 1650 eonsules
1815 1624 1919 1650 contra.

501 1676 624 1713 Lissm'es
651 1673 786 1713 primum
815 1676 902 1702 trans
926 1671 1048 1702 Padum
1072 1671 1232 1701 Romanas
1264 1668 1383 1700 duxere
1406 1669 1560 1709 legiones.
1607 1673 1782 1710 pugnatum
1806 1673 1854 1701 est
1875 1670 1919 1701 ibi

500 1734 568 1755 cum
599 1724 785 1755 Insubribus
816 1722 936 1757 Gallis,
971 1731 1101 1761 quorum
1132 1720 1298 1751 interfecta
1329 1724 1402 1751 sunt
1423 1720 1537 1760 biginti
1560 1720 1621 1751 tria
1643 1720 1748 1759 milia,
1781 1720 1919 1760 quinque

498 1775 584 1806 milia
609 1778 702 1815 capta
725 1777 809 1805 sunt.
857 1773 968 1804 eodem
999 1772 1073 1803 inde
1104 1781 1186 1802 anno
1217 1771 1270 1810 (1111
1300 1771 1373 1801 huie
1403 1771 1565 1811 proximus
1595 1770 1655 1802 fuit
1684 1771 1785 1802 diram
1809 1771 1918 1802 urbem

496 1830 635 1857 terruere
651 1825 808 1866 prodigia.
848 1834 986 1863 namque
1002 1824 1034 1854 in
1050 1823 1166 1854 Piceno
1183 1821 1312 1853 flumine
1330 1822 1485 1861 sanguine
1506 1821 1629 1853 effluxit
1647 1824 1678 1852 et
1696 1822 1781 1862 apud
1798 1822 1919 1853 Tuscos

497 1878 598 1908 celum
628 1877 731 1907 risum
762 1879 810 1906 est
835 1875 947 1906 ardere
972 1878 1003 1906 et
1025 1873 1158 1905 Arimini
1183 1877 1305 1904 noctem
1329 1873 1428 1904 multa
1451 1873 1521 1904 luce
1545 1873 1663 1903 claram
1686 1872 1857 1904 obfulsisse
1880 1883 1918 1904 ac

145 1938 283 1962 Nepa-..0
497 1932 560 1959 tres
584 1929 676 1959 lunas
699 1927 891 1958 distantibus
915 1926 974 1957 celi
998 1925 1181 1965 regionibus
1205 1928 1331 1955 exortas
1354 1924 1541 1964 apparuisse
1569 1923 1577 1964 11
1604 1927 1635 1955 et
1656 1924 1775 1955 Romae
1796 1923 1804 1965 11
1835 1923 1916 1955 Gnei

496 1979 615 2010 Domiti
638 1979 694 2009 bos
717 1978 839 2009 locutus
863 1981 911 2008 est
935 1977 1043 2008 dicens
1077 1985 1172 2007 ‘cave
1196 1976 1253 2007 tibi
1276 1976 1404 2006 Roma'.
1438 1975 1446 2016 11
1476 1984 1586 2006 carnes
1609 1974 1705 2005 etiam
1729 1975 1796 2006 celo
1825 1975 1915 2015 lapse

497 2034 585 2061 sunt.
620 2039 752 2069 quarum
782 2038 856 2069 pars
888 2028 927 2059 ab
958 2028 1070 2058 avibus
1093 2027 1269 2067 intercepta
1293 2029 1357 2065 est,
1390 2035 1464 2066 pars
1487 2025 1668 2066 incorrupta
1691 2025 1745 2057 diu
1767 2025 1874 2057 iacuit.
1908 2025 1916 2066 11

145 2091 281 2110 (11111131
495 2086 568 2112 tunc
593 2090 715 2120 quoque
739 2089 854 2119 magno
877 2082 1046 2110 terremotu
1063 2078 1180 2109 Charia
1204 2081 1234 2109 et
1249 2077 1380 2108 Rhodus
1402 2077 1526 2107 insulae
1550 2077 1630 2107 adeo
1653 2086 1805 2108 eoncusse
1829 2080 1911 2115 sunt,

496 2137 528 2163 ut
558 2131 739 2163 labentibus
770 2131 867 2170 vulgo
891 2130 983 2161 tectis
1006 2130 1119 2169 iugens
1143 2138 1269 2169 (1110(1116
1291 2128 1346 2159 1116
1371 2128 1513 2159 colossus
1536 2131 1650 2158 rueret.
1698 2127 1809 2159 eodem
1832 2137 1915 2158 anno

495 2183 670 2213 Flaminius
686 2182 794 2213 consul
812 2181 998 2222 contemptis
1016 2180 1177 2221 auspiciis
1205 2179 1319 2219 quibus
1338 2188 1481 2219 pugnare
1497 2178 1733 2219 prohibebatur.
1760 2178 1914 2210 adversus

495 2234 607 2265 Gallos
631 2232 772 2264 conflixit
796 2236 826 2263 et
850 2232 941 2263 vicit:
968 2232 1000 2262 in
1024 2242 1085 2270 quo
1108 2231 1194 2261 bello
1218 2230 1330 2261 nobem
1354 2229 1443 2260 milia
1466 2229 1629 2260 Gallorum
1654 2239 1727 2260 cesa
1750 2229 1859 2260 decem
1884 2233 1914 2260 et

496 2288 615 2326 septem
640 2284 728 2315 milia
752 2286 845 2324 capta
869 2286 951 2314 sunt.
1000 2286 1070 2323 post
1092 2282 1151 2312 hoc
1175 2281 1182 2323 11
1207 2283 1329 2311 Δ111111113
1356 2281 1500 2310 Claudius
1524 2282 1689 2310 Marcellus
1715 2281 1814 2310 Gneus
1840 2281 1913 2310 Cor-

364 2345 378 2367 1*
399 2343 425 2366 17
495 2338 590 2367 nelias
616 2337 714 2375 Scipio
737 2340 842 2365 contra
868 2335 971 2364 Gallos
994 2338 1218 2373 puynarcmmt.
1267 2333 1430 2362 Marcellus
1454 2331 1561 2362 consul
1586 2332 1692 2361 ‹lesmle
1714 2341 1781 2361 cnm

195 2397 229 2416 or.
245 2399 278 2416 211
398 2394 425 2416 ts
447 2390 572 2428 peremi!
595 2386 603 2427 11
626 2390 656 2418 et
678 2387 760 2417 inter
782 2386 881 2416 multa
897 2384 1087 2417 Insubrium.
1114 2393 1192 2423 quos
1214 2383 1255 2414 ad
1271 2382 1464 2413 deditionem
1481 2385 1638 2421 coegerat,
1665 2381 1783 2422 oppida
1799 2382 1913 2412 Medio-

298 2439 341 2469 50
415 2445 420 2467 ι
492 2440 605 2468 lanium
631 2447 755 2477 1111011116
778 2437 888 2467 urbem
912 2435 1167 2467 florentissimam
1192 2436 1382 2474 (zrpussnat-it
1405 2437 1436 2465 et
1459 2433 1551 2474 cepit.
1585 2432 1593 2473 11
1618 2434 1762 2473 qramlcm
1784 2434 1913 2472 predam.

195 2499 229 2518 01».
246 2500 278 2518 1η
364 2498 378 2520 i>
411 2496 423 2518 2
449 2491 558 2519 zurtt'tlt.
584 2488 592 2529 11
614 2488 747 2527 emergit
768 2488 820 2518 hie
843 2487 1006 2528 paululum
1032 2486 1180 2525 antiquus
1203 2485 1258 2516 ille
1275 2485 1486 2515 Romanorum
1509 2484 1672 2524 improbae
1696 2483 1800 2514 laudis
1817 2483 1911 2514 etiam

494 2540 532 2570 dc
560 2539 737 2580 parricidiis
768 2538 938 2579 appetitus.
991 2548 1063 2568 nam
1094 2536 1213 2567 Fabius
1244 2536 1414 2567 Censorius
1444 2535 1578 2566 Fabium
1608 2534 1781 2566 Buteonem
1812 2533 1911 2565 filium

302 2691 306 2708 ι
331 2694 358 2707 fer»
379 2687 440 2714 11111111
461 2686 518 2708 «vluti
542 2686 559 2707 L
589 2683 598 2715 11
633 2690 657 2707 μ
681 2685 762 2707 sex-ti
783 2683 826 2711 ml,
850 2684 863 2705 5
883 2684 975 2705 litterae
995 2689 1073 2704 [rasae
1105 2682 1113 2713 11
1145 2687 1183 2704 ειι.
1208 2687 1236 2702 215.
1260 2681 1316 2709 Xfp.
1337 2682 1357 2703 Γ.
1375 2682 1401 2703 5:
1426 2681 1466 2702 bos
1486 2680 1566 2702 locuta
1585 2686 1664 2702 romae
1683 2683 1729 2702 est.
1762 2680 1789 2701 6,
1813 2685 1850 2702 cn.
1868 2679 1910 2701 ‹lo-

331 2730 394 2750 mitii
416 2729 456 2749 bus
478 2728 538 2750 hello
558 2728 646 2757 punico
666 2726 774 2749 secundo
794 2726 888 2748 sonuit:
911 2732 969 2747 caue
990 2725 1034 2747 tibi
1054 2731 1119 2746 roma
1147 2723 1156 2755 11
1190 2730 1218 2745 :io
1239 2723 1372 2752 voutempti
1393 2722 1425 2744 1111
1456 2721 1465 2753 11
1502 2727 1527 2744 41
1552 2723 1700 2751 finitumque
1719 2722 1812 2744 bellum
1832 2728 1912 2743 marco

331 2771 425 2793 claudio
447 2770 559 2792 niun-1:110
579 2776 655 2792 cuneo
675 2769 779 2791 cornelio
800 2769 909 2797 scipione
928 2767 1070 2789 consulibus
1091 2766 1161 2788 Paul„
1201 2765 1209 2796 11
1250 2770 1273 2788 tl
1296 2769 1320 2788 et
1339 2764 1395 2786 mm,
1420 2765 1437 2786 L

1940 714 1968 732 10

1942 968 1969 986 15

1940 1222 1970 1241 20

1940 1732 1970 1750 31)

1936 1984 1966 2004 35

1934 2239 1964 2257 40

1932 2493 1963 2511 45
