2023 3093
290 150 350 179 262
984 150 1214 177 LANDOLFVS.

289 242 333 273 80
485 244 567 274 xime
593 244 673 283 legis
697 244 821 284 agrarie
846 254 959 276 causa.
995 255 1051 285 pcr
1081 256 1174 285 quam
1206 246 1300 276 ctiam
1330 245 1426 277 frater
1450 246 1518 277 eius
1542 246 1705 277 Gracchus
1729 246 1831 278 fuerat
1855 257 1908 278 oc-

237 303 273 321 ur.
485 295 586 325 cisns.
619 294 747 325 tandem
778 304 796 325 a
826 295 987 326 tribunatu
1011 296 1147 327 Minucio
1179 306 1362 327 successore
1387 296 1534 328 decessit.
1583 297 1740 328 Minucius
1763 298 1906 329 tribunus

486 345 571 385 plebi
595 355 663 376 cum
689 345 827 376 maxima
853 356 890 377 ex
915 350 1003 387 parte
1028 346 1205 378 decessoris
1222 348 1268 378 sui
1287 347 1422 378 Gracchi
1440 351 1557 379 statuta
1575 348 1784 378 convulsisset
1801 348 1906 388 leges-

485 406 545 436 que
569 396 764 436 abrogasset.
793 396 893 428 Gaius
918 397 1081 429 Gracchus
1105 408 1174 429 cum
1201 398 1312 429 Fulvio
1338 399 1450 430 Flacco
1473 399 1595 439 ing-enti
1621 399 1755 440 stipatus
1778 399 1905 439 agmine

485 447 695 487 Capitolimm
731 447 783 478 ubi
814 448 917 479 contio
948 449 1146 488 agitabatur.
1181 449 1334 480 ascendit.
1383 450 1425 480 ibi
1450 450 1587 480 maximo
1609 450 1746 481 tumultu
1770 450 1905 481 excitato
1927 462 1938 479 5

483 498 612 537 quidam
651 508 745 538 preco
782 509 799 530 a
831 499 1027 531 Gracchanis
1057 500 1241 531 interfectus
1273 501 1361 532 velut
1390 501 1514 540 signum
1546 501 1622 532 belli
1653 501 1721 532 fuit.
1771 501 1905 531 Flaccus

484 549 608 579 duobus
646 549 719 580 tiliis
756 550 887 581 armatis
917 551 1038 582 cinctus
1067 551 1236 582 comitante
1266 552 1361 582 etiam
1392 552 1535 583 Graccho
1570 556 1676 591 togato
1713 551 1905 591 brebemque

482 599 624 639 gladium
641 601 699 631 sub
717 601 844 632 sinistra
862 602 1050 633 occultante.
1078 602 1224 642 quamvis
1241 606 1272 633 et
1288 612 1475 643 praeconem
1493 602 1607 634 frustra
1627 602 1826 643 peremisset.
1853 603 1905 642 qui

483 661 591 682 servos
614 651 655 682 ad
680 652 858 683 libeitatem
883 657 1026 683 vocaret.
1061 653 1183 684 Ianium
1212 657 1373 692 tamquam
1398 663 1502 684 arcem
1526 654 1660 685 vocavit.
1710 657 1815 684 contra
1840 653 1905 684 De-

482 702 550 733 cius
577 702 693 733 Brutus
723 703 771 733 vir
801 703 976 734 consularis
1008 713 1024 734 a
1058 703 1138 734 clivo
1168 703 1307 743 publicio
1338 713 1408 734 cum
1440 704 1561 743 ingenti
1592 704 1764 735 certamine
1793 704 1902 735 inruit.
1928 716 1955 735 10

482 753 525 784 ibi
549 753 683 784 Flaccus
715 754 768 785 diu
797 754 1045 785 obstinatissime
1077 754 1250 785 dimicavit.
1300 754 1463 785 Gracchus
1493 759 1659 795 postquam
1689 755 1721 786 in
1751 755 1903 796 templum

480 804 620 835 Minerve
659 809 849 836 secesserat.
890 805 998 845 gladio
1029 805 1212 836 incumbere
1242 805 1353 836 volens
1383 805 1562 837 interventu
1595 806 1731 837 Laetorii
1764 810 1904 837 retentus

232 865 267 883 :³17
482 859 541 886 est.
590 856 695 895 itaque
720 866 790 887 cum
815 856 869 886 diu
893 866 1010 897 anceps
1034 857 1152 887 bellum
1177 856 1360 896 agitaretur.
1389 856 1517 887 tandem
1542 856 1699 896 sagittarii
1723 857 1762 887 ab
1779 856 1904 897 Opimio

479 906 568 937 missi
603 910 779 937 consertam
814 907 1049 938 multitudinem
1084 907 1351 938 disturbaverunt.
1400 907 1462 938 duo
1492 907 1599 939 Flacci
1634 912 1724 948 pater
1756 908 1903 948 filiusque

478 967 548 988 cum
579 967 635 998 per
665 957 756 988 edem
780 958 888 988 Lunae
912 958 943 988 111
968 958 1123 998 privatam
1148 957 1275 989 domum
1300 958 1507 990 desiluissent
1530 958 1676 998 foresque
1699 959 1900 997 obiecissent,
1927 971 1955 989 15

479 1008 596 1039 recisso
620 1009 752 1048 graticio
776 1009 889 1049 parieti
913 1009 1050 1040 confossi
1075 1012 1157 1040 sunt.
1207 1009 1371 1040 Gracchus
1401 1009 1455 1040 diu
1484 1019 1539 1049 pro
1564 1019 1598 1040 se
1622 1009 1733 1041 amicis
1757 1020 1903 1050 pugnan-

478 1059 562 1090 tibus
593 1069 629 1090 ac
656 1060 862 1100 pereuntibus
887 1070 961 1100 egre
985 1060 1027 1091 ad
1051 1065 1178 1101 pontem
1203 1060 1399 1091 subsilicium
1424 1060 1569 1101 pervenit
1590 1060 1714 1101 ibique.
1749 1071 1787 1092 ne
1811 1062 1903 1092 vivus

479 1114 655 1151 caperetur.
690 1111 845 1142 cervicem
870 1121 961 1142 servo
985 1121 1041 1142 suo
1064 1111 1200 1152 prebuit.
1250 1115 1344 1152 caput
1368 1111 1503 1142 Gracchi
1536 1111 1677 1142 excisum
1701 1112 1821 1142 consuli
1845 1111 1903 1142 ad-

479 1161 578 1192 latum
609 1165 674 1192 est.
710 1171 823 1202 corpus
853 1161 894 1192 ad
918 1162 1098 1193 Corneliam
1128 1165 1261 1193 matrem
1286 1162 1442 1193 Misenum
1474 1162 1623 1203 oppidum
1651 1162 1816 1193 devectum
1842 1167 1901 1194 est.

478 1212 557 1243 haec
580 1216 686 1243 autem
711 1212 876 1244 Cornelia.
911 1212 1054 1243 Africani
1078 1213 1206 1244 maioris
1231 1213 1314 1244 filia.
1342 1213 1515 1244 Misenum.
1543 1217 1576 1244 ut
1600 1213 1684 1244 dixi.
1712 1213 1823 1254 prioris
1846 1213 1902 1244 tilii
1924 1226 1952 1245 20

479 1267 577 1294 meite
602 1268 787 1294 secesserat.
836 1264 918 1294 bona
943 1264 1078 1295 Gracchi
1102 1264 1263 1304 publicata
1288 1268 1371 1294 sunt.
1419 1264 1553 1294 Flaccus
1584 1263 1771 1295 adolescens
1798 1264 1829 1294 in
1853 1274 1903 1295 ro-

477 1314 552 1345 bore
583 1319 715 1346 necatus
746 1318 805 1345 est.
861 1325 899 1346 ex
932 1315 1067 1346 factione
1100 1315 1237 1346 Gracchi
1267 1314 1395 1346 ducenti
1426 1315 1655 1354 quinquaginta
1684 1315 1718 1345 in
1747 1315 1902 1346 Aventino

478 1369 583 1396 monte
614 1366 678 1397 cesi
710 1365 809 1396 fuisse
834 1366 1023 1397 referuntur.
1071 1366 1216 1406 Opimius
1241 1366 1349 1397 consul
1374 1365 1455 1396 sicut
1476 1366 1508 1396 111
1532 1365 1616 1396 bello
1640 1365 1729 1396 fortis
1753 1366 1826 1396 t'uit.
1859 1367 1901 1397 ita

230 1424 267 1442 :ns
480 1416 512 1446 in
543 1417 707 1455 questione
739 1416 887 1448 crudelis.
936 1427 1009 1447 nam
1034 1417 1172 1457 amplius
1196 1417 1254 1447 tria
1278 1417 1366 1447 milia
1392 1416 1551 1447 homiuum
1576 1416 1741 1457 suppliciis
1764 1417 1898 1456 necavit,

479 1477 518 1498 ex
543 1467 657 1507 quibus
681 1468 808 1508 plurimi
832 1478 871 1499 ne
896 1468 979 1499 dicta
1004 1468 1131 1507 quidem
1157 1478 1251 1499 causa
1275 1468 1459 1498 innocentes
1480 1467 1637 1498 interfecti
1655 1472 1736 1498 sunt.
1779 1468 1901 1499 hisdem
1923 1482 1953 1500 25

479 1519 674 1559 tempfflibus
698 1519 847 1550 Metellus
871 1519 1024 1550 Valeares
1048 1519 1170 1550 insulas
1194 1519 1278 1550 bello
1302 1522 1495 1559 pervagatus
1520 1518 1660 1549 edomuit
1683 1523 1713 1550 et
1738 1519 1901 1559 piraticam

479 1569 733 1601 infestationem.
767 1580 828 1610 que
858 1571 898 1601 ab
930 1570 1053 1601 hisdem
1083 1574 1157 1601 tunc
1180 1570 1417 1601 exoriebantur.
1451 1569 1588 1609 plurima
1618 1570 1793 1601 incolarum
1824 1570 1902 1601 cede

480 1621 677 1661 compressit.
725 1621 834 1651 Gneus
866 1631 989 1660 quoque
1015 1621 1171 1651 Domitius
1195 1621 1361 1661 proconsul
1386 1620 1576 1660 Allobrogas
1601 1620 1711 1651 Gallos
1735 1621 1821 1652 iuxta
1846 1631 1903 1662 op-

479 1671 589 1711 pidum
621 1672 803 1702 Vindalium
838 1672 1027 1711 gravissimo
1058 1672 1144 1703 bello
1176 1672 1250 1702 vicit
1281 1671 1429 1702 maxime.
1463 1682 1532 1702 cuin
1557 1672 1794 1712 elephantorum
1819 1682 1902 1703 nova¹

480 1722 579 1752 forma
605 1723 677 1762 equi
701 1723 837 1753 hostium
862 1723 1030 1763 hostesque
1055 1723 1224 1754 conterritu
1249 1722 1462 1762 diffugissent.
1506 1723 1619 1762 big-inti
1642 1723 1730 1753 milia
1753 1723 1797 1754 ibi
1813 1724 1903 1754 Allo·
1923 1737 1952 1755 :30

478 1773 610 1811 brogum
636 1783 705 1804 cesa
732 1774 926 1805 referuntur.
961 1774 1020 1805 tria
1048 1774 1136 1804 milia
1160 1777 1252 1814 capta
1277 1777 1361 1804 sunt.
1410 1773 1519 1804 eodem
1544 1777 1685 1814 tempore
1709 1774 1790 1805 Etna
1813 1784 1902 1805 mons

479 1824 559 1854 ultra
586 1824 710 1855 solitum
736 1825 856 1856 exarsit
880 1828 910 1856 ct
933 1825 1124 1856 torrentibus
1147 1824 1252 1865 igneis
1276 1824 1451 1865 superfusis
1470 1825 1596 1864 lateque
1614 1825 1902 1857 circumfluentibus

481 1875 627 1905 Catinam
657 1876 766 1907 urbem
797 1876 940 1915 finesque
971 1876 1039 1907 eius
1063 1875 1203 1916 oppresit
1226 1875 1280 1915 ita.
1315 1879 1349 1906 ut
1370 1879 1451 1906 tecta
1477 1875 1582 1906 edium
1607 1876 1719 1907 calidis
1743 1876 1902 1907 cineribus

480 1930 608 1966 preusta
639 1930 670 1957 et
699 1931 889 1967 pregravata
922 1930 1119 1958 corruerent.
1154 1927 1243 1957 cuius
1274 1926 1410 1958 lcvande
1442 1926 1542 1957 cladis
1572 1936 1668 1957 causa
1693 1931 1821 1958 senatus
1846 1927 1902 1959 de-

397 1984 410 2003 11
480 1987 546 2007 cem
579 1987 732 2008 annorum
765 1978 932 2017 vectigalia
958 1978 1196 2009 Catiniensibus
1227 1977 1357 2008 remisit.
1407 1988 1485 2007 (zano
1517 1978 1554 2007 ab
1586 1978 1657 2007 urbe
1688 1979 1805 2008 caralita
1830 1989 1904 2008 δαΐ-
1925 1991 1955 2008 ηπ,

481 2030 637 2058 centesimo
662 2030 798 2059 lu'rcsimo
823 2034 924 2059 octavo
951 2031 1046 2059 Gaius
1072 2030 1196 2059 Cassius
1221 2031 1371 2069 Lonyimts
1399 2034 1425 2058 et
1449 2030 1562 2059 Sar-tus
1586 2030 1734 2059 Domitius
1760 2030 1904 2059 Call-snus

231 2089 268 2106 :un
481 2081 616 2109 consules
641 2080 757 2110 Bituito
782 2080 850 2119 regi
874 2080 1094 2110 Arbennorum
1119 2079 1245 2110 Galliae
1270 2079 1407 2110 civitatis
1430 2079 1549 2110 bellum
1573 2079 1745 2110 maximum
1768 2080 1905 2111 instruc-

480 2134 546 2161 tum
571 2131 786 2171 c‹.›mparantia
812 2130 893 2161 adeo
916 2140 986 2161 cum
1004 2140 1102 2171 parvo
1122 2130 1262 2161 exercitu
1279 2130 1435 2174 Domitius
1452 2130 1594 2161 occurrit.
1622 2134 1655 2160 ut
1672 2130 1808 2161 Bituitus
1824 2141 1904 2172 pau—

481 2180 606 2212 citatem
632 2182 845 2212 Romanorum
870 2182 921 2212 vix
946 2181 986 2212 ad
1011 2191 1115 2212 escam
1141 2181 1289 2212 canibus.
1317 2191 1394 2221 quos
1417 2181 1449 2211 in
1473 2181 1600 2219 agmine
1624 2181 1779 2213 habebat.
1814 2182 1904 2212 sut‘ti-

231 2241 268 2259 3-„10
481 2242 551 2263 cere
581 2242 674 2272 posse
705 2232 846 2263 iactaret.
895 2232 949 2272 qui
979 2242 1049 2263 cum
1080 2232 1139 2263 sibi
1170 2232 1211 2263 ad
1240 2231 1480 2263 transferendas
1511 2232 1618 2272 copias
1649 2242 1743 2262 unum
1776 2237 1901 2273 pontem
1923 2245 1952 2263 111

479 2282 625 2313 ledani
649 2282 788 2314 fluminis
811 2294 921 2324 parum
947 2293 1017 2314 esse
1040 2283 1252 2323 intellegeret.
1280 2283 1377 2313 alium
1403 2283 1573 2323 compactis
1594 2283 1749 2322 lyntribus
1766 2284 1903 2314 catenis-

480 2344 539 2373 que
571 2343 747 2364 connexum
781 2334 984 2374 superstratis
1008 2334 1200 2373 confixisque
1225 2334 1342 2364 tabulis
1366 2333 1523 2364 instruxit.
1573 2338 1714 2364 conserta
1743 2344 1848 2374 pugna
1873 2339 1904 2366 et

480 2384 534 2415 diu
558 2384 699 2424 graviter
722 2384 841 2424 agitata
867 2384 939 2415 victi
958 2384 1044 2415 Galli
1062 2384 1267 2424 conversique
1285 2384 1315 2414 in
1333 2385 1453 2423 sugam.
1480 2383 1554 2414 dum
1572 2384 1704 2424 quisque
1722 2385 1781 2415 sibi
1799 2385 1898 2418 timet.

481 2435 676 2466 coacervatis
707 2435 903 2466 inconsultae
934 2435 1116 2475 agminibus
1146 2439 1176 2465 et
1207 2445 1396 2475 prepi-opero
1426 2435 1560 2466 transitu
1590 2435 1693 2475 pontis
1722 2436 1824 2466 vincla
1850 2446 1902 2466 ru—

481 2490 593 2526 perunt
623 2496 659 2516 ac
687 2496 757 2516 mox
783 2496 851 2517 cum
875 2486 953 2527 ipsis
978 2486 1134 2526 lyntribus
1157 2486 1251 2517 mersi
1277 2491 1358 2516 suut.
1408 2490 1532 2517 centum
1558 2486 1715 2526 octoginta
1741 2487 1826 2517 milia
1851 2497 1902 2517 ar-
1922 2499 1953 2517 ir»

288 2603 292 2620 1
319 2605 364 2626 qua
385 2598 415 2619 ml
453 2597 461 2629 Η
498 2604 605 2627 [ιι-(111111
628 2597 669 2620 01.
707 2597 715 2629 (l
753 2603 764 2619 11
792 2599 829 2620 nis
855 2600 879 2620 in
905 2598 1045 2626 gracchanis
1070 2596 1140 2626 νῆ’-’,71
1168 2599 1191 2620 1'71
1211 2605 1260 2620 ras.
1283 2605 1322 2619 scr
1342 2597 1392 2625 fere
1412 2599 1457 2620 lm.
1496 2596 1504 2628 ΙΙ
1542 2605 1553 2617 κ
1581 2598 1656 2625 gladii
1682 2598 1714 2619 m¹
1752 2597 1761 2629 ΙΙ
1796 2600 1901 2628 praemi—

317 2642 389 2662 >isset
407 2640 447 2662 Or.
480 2639 489 2670 Η
521 2646 532 2661 υ
555 2639 661 2671 uocauit]
676 2641 804 2670 ‹wcupauit
822 2640 863 2663 Or.
901 2639 909 2671 Η
950 2645 975 2663 111
996 2641 1076 2663 insuit
1089 2639 1123 2663 1111
1158 2639 1167 2671 ΙΙ
1208 2644 1231 2663 11
1255 2644 1365 2662 conserta
1379 2640 1410 2663 711¹
1447 2639 1456 2671 ll
1496 2645 1521 2663 11.
1543 2641 1620 2669 pariet
1634 2639 1668 2662 ml
1705 2639 1713 2671 ΙΙ
1751 2644 1779 2663 20
1800 2640 1899 2672 prioris]

318 2684 399 2711 p--ris
413 2682 445 2703 ml
482 2681 491 2712 ll
529 2687 553 2705 21
578 2682 717 2705 adolescens
737 2690 764 2705 ea·
783 2684 928 2705 adulescens
944 2683 975 2705 77¹¹
1012 2681 1020 2713 ΙΙ
1058 2689 1086 2706 ns
1108 2684 1250 2713 proconsule
1265 2682 1297 2705 ml
1334 2681 1343 2713 Η
1381 2687 1408 2705 :4⁴
1430 2686 1558 2705 coruercut
1574 2682 1605 2704 ml
1642 2681 1651 2713 ΙΙ
1689 2687 1716 2704 ῑ17
1738 2690 1900 2706 aruennorum

317 2724 348 2746 ml
385 2723 394 2755 Η
432 2730 459 2745 ῑιε
481 2726 630 2753 comparanti
653 2726 693 2746 nr,
732 2724 740 2755 Η
776 2726 891 2747 domitius
906 2738 937 2741 —
953 2733 997 2754 pau
1019 2725 1075 2747 add.
1093 2724 1135 2747 1112.
1157 2726 1275 2747 domitius
1295 2732 1319 2745 ov
1341 2726 1365 2746 in
1386 2732 1443 2747 ms..
1467 2727 1491 2747 ul
1512 2724 1604 2747 videtur
1639 2723 1648 2755 ΙΙ
1684 2725 1788 2747 bituitus
1808 2725 1863 2747 add.
1881 2726 1901 2747 L

317 2774 327 2788 ε
348 2774 400 2794 sup.
422 2768 465 2787 lin.
504 2766 511 2796 Η
553 2771 577 2789 1·.’
599 2774 719 2789 conexum
741 2767 772 2788 171¹
