2023 3093
129 243 173 274 78

82 711 109 730 10

80 1220 111 1239 20

83 1731 112 1749 250

83 1985 113 2004 35

83 2227 179 2259 μ180

250 2234 263 2256 Κῦ

826 150 1056 176 LANDOLFVS.
1685 151 1742 180 261

328 245 358 275 111
389 244 534 275 cubiculo
566 253 622 274 suo
653 247 810 284 repertum
843 253 903 273 non
934 247 1051 274 temere
1082 243 1163 274 inter
1193 244 1333 274 maxima
1355 244 1565 274 Romanorum
1589 243 1674 274 mala
1697 253 1746 274 re-

326 295 520 327 censuerim.
554 294 719 335 presertim
751 303 820 324 cum
851 297 974 324 tantum
1005 294 1036 323 in
1067 303 1104 324 ea
1136 294 1212 325 urbe
1243 294 1383 325 Africani
1414 294 1502 334 vigor
1532 298 1563 325 et
1593 293 1747 325 modestia

328 346 465 379 valeret,
498 349 532 376 ut
562 344 656 376 facile
684 344 757 375 vivo
781 354 817 375 eo
842 354 944 383 neque
969 344 1085 375 sociale
1109 354 1212 383 neque
1236 345 1328 376 civile
1351 346 1471 376 bellum
1494 355 1588 385 posse
1612 345 1748 376 existere

329 396 518 427 crederetur.
573 396 656 426 1111116
685 395 813 435 quidem
844 395 950 425 uxoris
978 404 1054 425 suae
1087 395 1285 436 Simproniae
1316 395 1529 426 Gracchorum
1561 399 1667 426 autem
1698 405 1750 425 so-

328 447 405 477 roris
436 447 507 477 dolo
537 450 683 477 necatum
715 446 836 483 ferunt,
874 455 914 476 ne
945 446 1100 476 scelerata
1132 450 1164 476 111
1195 446 1288 477 credo
1320 446 1474 476 familiam
1505 446 1546 477 ad
1577 446 1749 486 perniciem

327 497 448 538 patriae
480 507 556 528 suae
586 500 662 528 nata
691 497 775 527 inter
804 496 919 537 impias
950 496 1127 528 deditiones
1157 497 1295 527 virorum
1329 507 1391 527 non
1426 497 1520 528 etiam
1555 496 1749 528 facinoribus

327 548 493 579 mulierum
519 551 603 579 esset
626 547 802 578 immanior.
839 548 847 588 (l
880 556 977 578 causa
1007 551 1113 578 autem
1144 547 1291 578 interitus
1322 548 1390 578 eius
1421 547 1500 579 11366
1528 547 1598 578 fuit.
1647 547 1747 578 Gaius
1758 555 1905 580 N·.1p.oi‚2,t‹)

328 599 430 630 Carbo
460 599 605 630 tribunus
636 599 721 639 plebi
752 598 884 639 cupiens
913 608 1024 629 necem
1051 598 1213 629 vindicare
1238 598 1457 629 (111-3661131133]
1482 602 1513 629 61
1536 598 1674 629 excitare
1698 607 1749 628 so-

327 650 423 690 pitam
454 650 601 680 Publium
631 649 815 681 Africanum
848 649 1027 690 Scipionem
1057 653 1147 680 eruta
1169 649 1344 680 Numantia
1373 653 1583 680 revertentem
1614 649 1645 679 in
1676 659 1750 679 con—

326 700 411 731 tione
434 700 658 740 interrogavit.
685 700 761 740 quid
785 700 825 731 de
849 700 983 731 Gracchi
1012 704 1110 730 morte
1136 699 1281 730 sentiret:
1321 699 1370 730 cui
1394 700 1579 738 Africanus.
1606 700 1674 730 iure
1699 710 1750 730 ce-

328 761 396 782 sum
427 751 539 782 videri.
577 750 585 791 Η
618 751 723 781 Marco
755 750 869 781 Emilio
901 750 997 781 Lucio
1029 750 1139 781 Oreste
1170 751 1354 781 consulibus
1385 751 1466 781 Etna
1497 754 1586 781 vasto
1616 754 1750 781 tremore

328 811 481 833 concussa.
512 801 687 833 exundavit
717 801 821 841 igneis
852 801 967 841 globis.
1016 811 1186 840 rursusque
1217 801 1280 831 alio
1305 801 1356 832 die
1382 802 1497 842 Lipara
1520 801 1625 832 insula
1649 805 1680 832 et
1702 801 1750 831 vi—

329 853 433 883 cinum
458 853 539 883 circa
563 862 633 884 eam
657 862 743 883 mare
767 853 799 883 in
822 856 944 883 tantum
969 852 1127 883 efferbuit.
1155 857 1188 883 ut
1211 852 1344 883 adustas
1368 862 1491 892 quoque
1516 862 1610 893 rupes
1635 852 1751 883 dissol-

328 904 418 939 verit.
445 904 590 935 tabulata
612 903 741 934 navium
766 903 946 942 liquefactis
967 903 1048 934 ceris
1073 903 1269 941 extorruerit,
1297 903 1494 934 exanimatos
1519 903 1623 943 pisces
1640 912 1751 943 super—

328 958 537 994 natantesque
562 955 739 986 excoxerit.
774 954 918 985 homines
948 964 1071 994 quoque
1103 954 1163 984 nisi
1195 954 1247 994 qui
1275 954 1401 994 longius
1425 958 1555 995 lwtuere
1579 954 1747 994 diffugere.

328 1006 520 1046 reciprocato
544 1005 687 1036 anhelitu
711 1005 808 1036 calidi
832 1005 916 1036 aeris
932 1005 1055 1036 adustis
1071 1005 1239 1036 introrsum
1257 1005 1408 1036 vitalibus
1426 1005 1595 1036 suffocarit.
1634 1005 1751 1036 Marcio

328 1057 452 1088 Plautio
484 1057 613 1097 Hypseo
644 1057 749 1087 Marco
781 1056 894 1087 Fulvio
919 1057 1034 1087 Flacco
1066 1056 1249 1087 consulibus
1280 1056 1409 1087 vixdum
1434 1056 1574 1086 Africam
1605 1066 1624 1086 a
1650 1056 1751 1087 bello*

329 1117 397 1138 rum
422 1107 555 1139 excidiis
579 1107 793 1147 quiescentem
818 1107 980 1138 horribilis
1004 1111 1035 1138 et
1058 1107 1210 1138 inusitata
1226 1107 1361 1147 perditio
1378 1111 1546 1137 consecuta
1563 1110 1619 1137 est.
1661 1117 1752 1137 nam-

329 1168 390 1197 que
421 1168 491 1189 611111
522 1168 578 1199 per
606 1162 702 1189 totam
735 1158 873 1189 Africam
905 1158 1059 1189 immense
1086 1158 1278 1189 locustarum
1310 1157 1530 1188 multitudines
1561 1158 1753 1189 coaluissent

330 1213 361 1240 et
390 1219 451 1240 non
481 1209 573 1240 modo
604 1209 666 1240 iam
695 1213 838 1240 cunctam
864 1218 953 1249 spem
978 1209 1103 1249 frugum
1127 1209 1324 1240 abrasissent
1348 1209 1525 1248 herbasque
1549 1219 1657 1240 omnes
1681 1219 1751 1239 cum

330 1264 418 1300 parte
450 1260 609 1292 radicum.
648 1260 723 1290 solia
754 1260 900 1291 arborum
931 1270 1001 1290 cum
1034 1259 1246 1290 teneritudine
1277 1269 1433 1290 ramorum
1466 1259 1748 1300 consumpsissent⁷

331 1321 440 1342 verum
464 1311 559 1342 etiam
583 1321 708 1342 amaras
733 1311 865 1342 cortices
888 1315 983 1350 atque
1007 1311 1097 1341 arida
1121 1311 1210 1350 lignav
1232 1310 1475 1351 praeroderent.
1506 1310 1670 1351 repentino
1694 1311 1752 1341 ab-

330 1366 417 1402 repte
455 1366 548 1393 vento
586 1366 680 1402 atque
719 1362 750 1392 in
788 1362 898 1401 globos
935 1365 1042 1392 coacte
1079 1365 1265 1402 portateque
1294 1361 1347 1392 diu
1379 1372 1434 1402 per
1465 1372 1570 1392 aerem
1601 1361 1751 1392 Africano

330 1413 444 1453 pelago
467 1413 614 1444 immerse
638 1416 722 1443 sunt.
770 1413 882 1444 harum
913 1422 982 1443 cum
1013 1413 1183 1443 immensos
1213 1422 1344 1443 acervos
1376 1413 1469 1452 longe
1500 1412 1594 1443 undis
1619 1422 1753 1451 surgen—

330 1464 414 1495 tibus
437 1463 551 1495 fluctus
574 1474 632 1504 per
655 1468 783 1495 extenta
806 1464 870 1495 late
894 1464 984 1494 litora
1009 1464 1240 1504 propulissent,
1276 1467 1389 1494 tetrum
1421 1463 1516 1494 nimis
1546 1467 1640 1502 atque
1671 1463 1752 1493 ultra

330 1515 508 1555 opinionem
537 1515 723 1555 pestiferum
754 1515 882 1546 odorem
913 1515 1022 1546 tabida
1048 1519 1079 1546 et
1107 1515 1277 1554 putrefacto
1302 1517 1453 1555 c-‹mgserses
1477 1516 1625 1544 exalat-it.
1676 1515 1753 1543 [mdc

330 1568 460 1596 «murium
484 1566 602 1607 pariter
625 1568 812 1596 animantum
837 1570 925 1597 tanta
949 1566 1131 1606 pestilentia
1156 1569 1324 1596 consecuta
1341 1570 1398 1596 est.
1427 1569 1460 1596 ut
1476 1565 1581 1596 avium
1598 1565 1752 1605 pecodum

330 1626 366 1647 ac
398 1617 571 1648 bestiarum
603 1617 801 1658 corruptione
825 1617 908 1648 aeris
932 1617 1157 1648 dissolutarum
1182 1617 1359 1657 putrefacta
1383 1616 1501 1657 passim
1526 1616 1681 1647 cadavera
1705 1616 1753 1646 vi-

331 1668 408 1698 tium
433 1668 639 1708 corruptionis
663 1672 826 1708 augerent.
876 1672 908 1698 at
938 1678 1013 1698 vero
1037 1671 1155 1706 quanta
1179 1667 1274 1698 fuerit
1297 1667 1459 1698 hominum
1486 1667 1565 1703 lues.
1601 1677 1660 1707 ego
1683 1667 1752 1707 ipse

332 1718 406 1749 dum
436 1718 538 1749 refero
568 1722 632 1749 toto
665 1729 792 1759 corpore
816 1719 1030 1759 perhorresco.
1080 1718 1236 1757 siquidem
1267 1718 1299 1749 in
1323 1718 1491 1750 Numidia.
1525 1718 1557 1749 in
1587 1729 1650 1757 qua
1679 1722 1753 1749 111116

332 1769 466 1810 Micipsa
497 1780 551 1800 rex
582 1774 665 1801 erat.
700 1770 880 1810 octingenta
910 1770 998 1800 milia
1022 1770 1201 1801 hominum.
1236 1770 1318 1800 circa
1341 1779 1427 1800 oram
1452 1779 1525 1800 vero
1549 1769 1749 1803 maritimam.

332 1830 392 1860 que
416 1821 553 1852 maxime
577 1821 817 1861 Kartaginiensi
840 1825 934 1860 atque
959 1821 1099 1852 Vticensi
1125 1820 1206 1852 litori
1231 1820 1373 1853 adiacet.
1404 1820 1476 1860 plus
1499 1830 1592 1860 quam
1617 1820 1754 1851 ducenta

332 1871 419 1902 milia
444 1872 565 1912 perisse
589 1872 739 1903 traditum
764 1876 821 1903 cst.
871 1871 956 1912 apud
987 1872 1089 1912 ipsam
1114 1881 1187 1902 vero
1210 1871 1334 1902 Vticam
1359 1871 1517 1901 civitatem
1541 1871 1670 1910 triginta
1694 1871 1754 1901 mi-

332 1922 375 1953 lia
407 1923 617 1953 Romanorum
647 1922 800 1961 militum,
842 1932 903 1962 que
941 1922 982 1953 ad
1012 1922 1185 1962 presidium
1216 1922 1313 1953 totius
1343 1922 1471 1952 Africae
1509 1921 1654 1952 ordinata
1684 1921 1755 1952 fue-

332 1977 419 2005 rant,
455 1973 593 2004 extincta
623 1977 719 2012 atque
750 1974 865 2004 abrasa
896 1977 978 2004 sunt.
1027 1983 1087 2013 que
1119 1972 1227 2003 clades
1257 1976 1321 2003 tam
1351 1972 1516 2013 repentina
1540 1976 1662 2003 3613111
1686 1972 1755 2003 vio-

332 2024 418 2055 lenta
441 2024 565 2056 institit.
601 2028 634 2055 ut
656 2028 730 2055 tunc
754 2025 839 2065 apud
863 2024 984 2055 Vticam
1011 2025 1068 2055 suh
1092 2034 1155 2054 una
1179 2024 1230 2055 die
1261 2034 1317 2064 per
1347 2034 1441 2054 unam
1472 2028 1593 2064 portam
1625 2033 1663 2054 ex
1690 2023 1754 2054 illis

1765 759 1798 778 Or.
1811 759 1904 778 ῖ111.ῖ112

331 2075 505 2106 iunioribus
529 2075 600 2116 plus
625 2085 719 2114 quam
744 2075 831 2106 mille
855 2075 1045 2115 quingentos
1069 2078 1208 2105 mortuos
1232 2075 1332 2105 elatos
1356 2074 1456 2105 fuisse
1480 2078 1633 2105 narretur.
1671 2084 1754 2105 anno
1768 2087 1779 2103 :z
1794 2087 1805 2105 r,
1834 2085 1857 2105 ν.»

333 2126 372 2156 ab
410 2126 487 2157 urbe
525 2126 651 2157 condita
689 2127 919 2158 sexcentesimo
956 2126 1106 2157 vicesimo
1145 2125 1278 2166 septimo
1320 2127 1407 2155 Laesa
1440 2127 1544 2155 Cecslfo
1576 2127 1691 2155 ,lletello
1729 2131 1755 2155 c!

338 2179 397 2207 Tito
422 2179 541 2214 Quintio
566 2179 712 2207 Flaminio
737 2178 907 2208 consulibus
932 2180 1063 2217 Kartayo
1090 2179 1116 2206 [n
1142 2177 1248 2216 Africa
1272 2177 1395 2208 restitui
1419 2177 1506 2207 iussa
1530 2176 1680 2207 bicesimo
1704 2186 1755 2207 se—

331 2228 433 2259 cundo
450 2228 576 2259 demum
593 2238 685 2266 anno.
713 2238 807 2268 quam
821 2229 925 2268 fuerat
943 2238 1059 2261 everso.
1080 2227 1225 2258 deductis
1245 2227 1361 2258 civium
1378 2228 1589 2259 Romanorum
1610 2227 1750 2259 familiis.

332 2289 392 2318 que
423 2289 493 2310 eam
523 2280 714 2319 incolerent.
755 2280 900 2310 restituta
930 2283 961 2310 et
991 2279 1111 2319 repleta
1143 2282 1191 2309 est
1221 2288 1336 2317 magno
1367 2282 1440 2309 ante
1469 2278 1613 2319 prodigio
1645 2288 1755 2318 prece-

332 2330 438 2361 dente.
482 2340 555 2361 nam
580 2340 649 2361 cum
673 2340 834 2361 mensores
858 2330 899 2361 ad
922 2330 1123 2361 limitandum
1147 2329 1426 2369 Kartaginiensem
1450 2339 1561 2369 agrum
1586 2329 1674 2360 missi
1698 2329 1755 2360 sti-

332 2381 413 2421 pites
443 2381 646 2412 terminorum
674 2381 796 2412 indices
827 2381 906 2411 fixos
930 2384 961 2412 et
983 2385 1073 2411 nocte
1097 2391 1115 2410 a
1140 2380 1223 2420 lupis
1247 2381 1390 2411 revulsos
1414 2380 1569 2411 mordicos
1592 2390 1755 2411 conrosos—

332 2442 392 2471 que
416 2432 647 2472 repperissent7
682 2432 869 2471 aliquandiu
894 2432 1064 2463 hesitatum
1089 2435 1153 2463 est.
1189 2435 1292 2461 utrum
1316 2431 1457 2462 Romane
1488 2431 1558 2471 paci
1591 2431 1756 2471 expediret

334 2483 539 2523 Kartaginem
563 2483 737 2514 reformari.
782 2483 892 2514 eodem
917 2493 998 2513 anno
1023 2483 1122 2513 Gaius
1147 2482 1308 2513 Gracchus
1333 2481 1467 2512 Gracchi
1490 2481 1588 2521 illius.
1615 2482 1668 2521 qui
1692 2482 1755 2512 iam

333 2534 455 2565 occisus
485 2534 516 2564 in
549 2534 702 2565 seditione
734 2534 854 2565 fuerat.
897 2534 993 2565 frater
1026 2534 1171 2564 tribunus
1208 2532 1295 2573 plebi
1324 2542 1380 2573 per
1410 2533 1577 2563 tumultum
1610 2537 1749 2564 creatur:

333 2595 448 2625 magna
478 2585 523 2615 rei
552 2585 677 2625 publice
707 2585 864 2626 pernicies
895 2584 963 2616 suit.
1012 2594 1085 2615 nam
1116 2594 1185 2615 cum
1218 2594 1292 2624 sepe
1317 2583 1468 2623 populum
1492 2583 1666 2614 Romanum
1691 2584 1754 2614 lar-

332 2635 503 2675 gitionibus
534 2635 760 2675 promissisque
793 2635 896 2665 nimiis
926 2636 957 2665 in
988 2634 1211 2665 acerbissimas
1236 2634 1407 2664 seditiones
1431 2633 1650 2670 excitavisset.
1687 2644 1755 2664 ma-

137 2769 166 2788 25
187 2772 267 2794 aaeqne
286 2764 319 2786 m¹
356 2762 365 2795 ΙΙ
402 2768 429 2786 27
452 2764 551 2786 auidum
572 2764 604 2786 m1
