2023 3093
285 172 344 201 :sz

552 273 564 287 e
584 266 636 289 cod.
658 266 785 289 Vaticano.

358 316 463 341 Deinde
483 315 568 340 multa
590 315 706 340 eastella
726 315 799 340 idem
819 315 911 342 Attila
934 324 1057 349 compre-

286 358 381 382 hendit
409 358 558 390 dissipavit
578 361 605 382 et
626 358 750 383 incendit
769 366 819 383 nec
839 367 893 384 nou
913 362 939 385 et
960 368 1056 392 appre-

286 400 578 425 111-111111(“11111’111·111;1111
598 403 626 425 et
639 399 773 426 Altimuln
793 401 924 427 civitates
944 405 971 427 et
991 402 1055 427 inde

286 443 428 468 xenientes
448 451 496 475 per
516 443 669 468 liizentialn
691 443 824 469 Beronum
846 444 1007 475 Pergamum
1028 450 1055 470 et

299 486 422 511 {rexiam¹
451 494 520 518 quae
544 490 606 511 sunt
627 485 762 511 Venetiae
786 487 926 515 civitates,
955 495 1002 512 seu
1027 492 1054 513 et

285 537 333 561 per
346 529 415 553 alias
435 529 578 554 venientes
598 529 729 554 civitates
745 538 825 554 nemo
839 530 879 555 eis
893 531 1052 556 resistebat.

286 571 479 599 Mediolanum.
497 578 606 604 quoque
620 576 647 597 et
662 572 787 597 Ticinum
800 573 928 598 similiter
941 574 1057 605 deprae-

284 614 421 639 daveruut
443 618 533 639 tamen
548 622 596 639 nec
611 615 780 641 occidebant
793 624 842 641 nec
858 616 1053 642 incendebant.

285 657 428 682 venientes
448 657 474 682 iu
494 657 542 682 illo
560 657 630 685 loco,
653 658 699 683 ubi
714 658 831 683 Mincius
851 658 951 685 fluvius
965 659 991 684 in
1006 659 1056 684 l'a-

284 700 348 724 dum
369 700 463 727 intratv
485 704 577 725 castra
597 704 748 733 posuerunt
767 701 843 726 illuc.

353 785 499 811 llabebant
525 789 617 811 autem
645 786 716 812 idem
736 785 828 812 Attila
850 787 1054 812 dubitationem

284 829 309 853 in
330 829 429 855 animo,
452 829 474 853 si
494 829 602 854 veniret
622 833 715 854 eontra
732 829 871 854 Romanos
885 838 919 854 an
932 838 1000 858 non;
1023 830 1057 855 ti-

284 871 377 896 mebat
398 871 468 896 enim
489 880 522 896 ne
542 872 687 897 adveniret
708 873 742 902 111,
767 873 839 897 sicut
858 871 964 897 Alarici
982 871 1056 903 (Ala-

284 915 340 939 rieo
361 914 402 938 ma,
427 915 500 945 regis
519 914 686 942 Gothorum.
708 915 754 947 qui
774 918 920 948 postquam
940 915 1056 940 Romam

284 956 477 990 apprehendit,
500 957 638 982 modicum
658 960 767 990 tempus
787 958 866 983 vixit.
906 957 970 982 dum
990 965 1055 983 voro

285 1000 364 1025 istam
384 1000 581 1030 cogitationem
598 1000 623 1025 in
643 1000 734 1025 animo
754 1000 920 1031 revolveret,
942 1003 1055 1033 repente

285 1042 323 1067 illi
340 1042 442 1073 legatio
456 1042 644 1075 placidissima
660 1052 675 1068 a
688 1043 776 1068 Roma
789 1043 917 1073 advenit;
933 1051 994 1069 nam
1008 1052 1057 1077 per

284 1093 313 1110 se
340 1085 381 1110 vir
401 1086 592 1111 sanctissimus
613 1086 668 1111 Leo
688 1094 760 1119 papa
780 1086 815 1111 ad
836 1094 897 1111 eum
917 1087 1053 1119 pervenit,

284 1129 329 1161 qui
345 1136 405 1153 eum
419 1137 432 1153 a
449 1136 513 1159 ree-e
532 1129 711 1154 barbarorum
726 1129 913 1161 introgressus
927 1132 979 1158 est.
1001 1138 1057 1154 om-

285 1171 327 1196 nia
349 1171 372 1196 ei
395 1172 531 1197 concessit
546 1171 644 1200 Attila,
667 1172 740 1197 unde
760 1173 834 1198 idem
848 1173 904 1197 Leo
924 1181 994 1205 papa
1016 1180 1058 1197 ro-

284 1214 370 1244 gavit,
392 1222 446 1239 non
465 1214 552 1239 solum
566 1214 671 1239 Romae
691 1215 740 1240 sed
761 1215 845 1240 etiam
858 1215 945 1240 totius
958 1214 1056 1240 Italiae

285 1257 402 1281 salutem
423 1257 586 1288 reportavit.
620 1257 665 1282 dei
685 1265 803 1290 namque
822 1261 964 1290 potestate
978 1258 1057 1283 terri-

286 1304 330 1324 tus
350 1299 440 1324 suerat
462 1300 551 1324 eidem
571 1299 662 1325 Attila
682 1308 732 1325 nee
751 1301 829 1326 aliud
842 1300 947 1326 Christi
967 1308 1058 1326 sacer-

285 1342 344 1366 doti
364 1350 395 1367 ae
416 1342 540 1374 pontifici
556 1343 630 1375 loqui
644 1343 744 1375 potuit,
766 1343 818 1368 nisi
837 1343 911 1375 quod
931 1343 990 1376 ipse
1011 1352 1058 1369 vo—

287 1385 384 1410 luerat.
417 1384 504 1410 fertur
523 1393 640 1418 namque
659 1390 722 1417 post
742 1386 895 1411 discessum
915 1385 1056 1419 pontificis

285 1427 527 1457 interrogaverunt
540 1427 659 1454 Attilam
674 1429 716 1454 sui
730 1429 863 1459 homines,
883 1437 967 1462 quare
982 1429 1055 1462 quod

286 1470 378 1495 t'aeere
397 1471 496 1496 solitus
516 1479 570 1495 non
584 1475 653 1501 erat,
674 1472 720 1504 qui
735 1475 814 1497 tanta
828 1472 852 1497 ei
867 1472 1055 1497 obedientiam

287 1513 431 1538 {tabuisset
458 1521 524 1545 erga
550 1514 667 1539 eundem
686 1523 794 1547 papam.
833 1515 881 1540 ille
900 1515 1055 1547 respondit.

286 1556 350 1589 quia
369 1564 421 1581 non
443 1556 493 1581 boe
514 1556 627 1582 fecisset
648 1565 695 1590 11111
714 1565 833 1590 persona
846 1558 930 1588 illius,
952 1558 996 1591 qui
1012 1566 1058 1584 ve-

286 1602 372 1626 nerat,
401 1599 449 1624 sed
473 1600 586 1624 dicebat
613 1600 717 1625 vidisse
737 1600 820 1625 alium
841 1603 960 1625 stantem
979 1601 1057 1626 iuxta

286 1649 346 1666 eum
372 1641 397 1666 in
421 1641 517 1667 habitu
537 1643 705 1668 sacerdotali
726 1642 813 1668 forma
832 1643 993 1675 augustiore
1013 1651 1057 1669 ca.—

286 1684 354 1709 nitie
374 1685 576 1712 venerabilem,
601 1686 647 1719 qui
668 1686 783 1711 tenebat
802 1686 980 1717 evaginatum
999 1686 1057 1718 gla-

287 1727 361 1752 dium
387 1730 415 1752 et
441 1728 605 1753 terribiliter
628 1729 688 1754 eius
708 1732 824 1754 mortem
844 1729 1002 1757 minantem,
1032 1729 1055 1754 si

286 1778 338 1795 non
358 1770 509 1803 compleret
530 1771 554 1796 ei
574 1772 674 1797 onmia.

354 1813 421 1838 l’ost
441 1813 508 1838 baec
528 1812 617 1839 Attila
639 1815 688 1840 tali
708 1815 789 1840 modo
809 1822 952 1847 repressus
972 1823 986 1839 a
1007 1823 1056 1840 sua

286 1855 453 1881 ertulelitate.
478 1856 566 1882 exibit
591 1857 625 1882 de
647 1857 725 1882 Italia
753 1861 780 1882 et
800 1858 885 1883 rediit
904 1858 931 1882 in
951 1858 1057 1883 Panno-

286 1897 366 1922 niam.
407 1898 527 1923 babebat
546 1903 638 1924 autem
659 1899 885 1925 Valentinianum
904 1901 1056 1933 principem

286 1948 406 1965 sororem
426 1942 535 1966 nomine
550 1942 687 1969 (lnoriam,
709 1950 788 1975 quem
809 1942 932 1968 habebat
946 1943 997 1968 sub
1012 1952 1058 1968 cu—

285 1983 387 2011 stodia,
410 1988 440 2009 ut
459 1993 511 2009 111111
532 1984 690 2010 sorniearet.
724 1988 788 2010 tunc
803 1986 940 2011 absconse
955 1986 1057 2011 direxit

287 2030 436 2051 castratum
462 2035 540 2052 suum
567 2028 601 2052 ad
621 2028 794 2060 praedictum
814 2027 904 2054 Attila
924 2029 1056 2055 mandans

287 2069 320 2095 ei.
351 2073 378 2094 ut
404 2078 463 2094 eain
483 2070 535 2095 sibi
556 2074 664 2103 peteret
684 2080 697 2095 a
719 2070 804 2096 fratre
824 2072 859 2096 ad
879 2079 991 2097 uxorem
1011 2072 1060 2097 lia—

288 2111 414 2137 bendam.
454 2113 551 2138 audito
578 2113 627 2137 boe
654 2114 750 2138 nuntio
775 2113 880 2143 Attila,
911 2115 976 2147 quia.
1004 2115 1056 2140 iam

287 2155 393 2179 exierat
420 2156 454 2180 de
474 2155 574 2180 tinibus
596 2156 693 2180 ltaliae
713 2164 762 2181 nec
783 2159 896 2189 propter
915 2156 1059 2187 fatie-atim

287 2205 346 2221 nem
374 2198 466 2229 populi
491 2198 531 2223 sui
560 2202 669 2229 poterat
698 2207 727 2224 se
755 2203 897 2224 retornare
923 2200 1057 2225 mandans

288 2240 485 2265 Valentiniano
506 2241 664 2273 imperatori
684 2242 823 2271 minando,
846 2243 910 2275 quia
929 2243 981 2268 nisi
996 2250 1056 2268 eum

288 2469 299 2486 *Δ
320 2464 453 2492 dissipauit
471 2468 492 2486 et
516 2465 624 2487 incendit.
643 2472 688 2487 (1111.
727 2464 736 2496 Η
773 2470 784 2487 3
805 2466 909 2488 altinum
947 2464 955 2496 Η

320 2513 416 2531 uantum
454 2505 463 2537 Η
501 2513 511 2528 11
538 2506 574 2538 av}
602 2515 645 2529 seu
681 2506 690 2538 Η

321 2550 386 2570 enini
407 2556 437 2571 ne
457 2550 587 2571 adueniret
606 2550 628 2571 ei
648 2551 711 2572 sient
732 2550 813 2572 alarici
834 2551 883 2579 regi
919 2549 929 2582 Η
968 2555 992 2573 ιῖ
1016 2549 1165 2581 reuolueret}
1185 2554 1293 2573 111-15111111.
1322 2549 1331 2581 Η
1362 2552 1431 2573 uenit
1449 2557 1497 2574 om.
1533 2549 1543 2582 Η

327 2596 351 2613 111
374 2593 528 2614 barbarorum
565 2590 574 2623 Η
611 2596 639 2615 211
661 2593 726 2621 loqui
746 2600 792 2615 ron.
831 2592 840 2624 Η
875 2600 931 2615 eum
950 2601 996 2616 om.

323 2635 373 2663 ipsi·
392 2642 439 2658 (1111,
477 2634 485 2664 l]

322 2678 363 2705 11111
399 2675 408 2707 Η

323 2720 443 2741 11111111111111
481 2719 489 2750 Η
526 2721 648 2748 principes

322 2762 413 2783 -111-111111
435 2763 503 2783 attila
523 2762 642 2784 nunidans
662 2763 682 2783 1-1
703 2766 731 2784 111
750 2769 802 2784 eam
823 2766 919 2792 peteret
937 2764 981 2785 sibi
1003 2763 1031 2785 ad
1052 2764 1149 2785 tratrem
1172 2770 1271 2785 uxorein
1294 2763 1429 2785 habendam
1460 2779 1461 2782 ,

321 2810 367 2825 (1111,
405 2802 414 2833 Η
456 2809 475 2826 11
499 2802 634 2835 reuertere]
653 2812 678 2825 se
698 2808 821 2827 retornare

997 2470 1000 2488 Ι
1024 2467 1121 2488 nit-inae
1141 2466 1250 2487 vinitatis
1269 2466 1391 2494 aquileiae
1427 2464 1436 2496 Η

731 2512 751 2530 11
782 2509 890 2531 ininzins
926 2507 934 2538 Η
970 2510 994 2531 111
1018 2509 1108 2537 padum
1145 2506 1154 2539 Η

1035 2592 1044 2624 Η
1079 2595 1174 2621 rogauit
1209 2592 1218 2624 Η

522 2639 549 2657 ’.ῑῖ
578 2633 693 2665 11111111Ῑεί
730 2633 739 2666 Η
774 2635 885 2658 beenon
921 2634 930 2667 Η
966 2640 994 2658 Ἱκ
1023 2634 1077 2667 sed]
1097 2643 1122 2657 se
1157 2634 1166 2666 Η

446 2682 473 2698 :zo
496 2678 638 2699 terribiliter
658 2678 790 2699 nuntiabat
809 2678 831 2699 ei
852 2681 953 2700 mortem
975 2679 994 2700 si
1014 2685 1061 2700 non
1082 2679 1215 2707 compleret
1233 2679 1256 2701 ei
1276 2679 1356 2700 oninia
1393 2677 1401 2709 Η

683 2719 692 2750 Η
728 2727 831 2743 sorore-111
849 2733 884 2736 —
904 2726 933 2743 215
954 2721 1077 2743 betuniam
1097 2728 1144 2743 om.
1181 2719 1190 2751 Η

990 171 1192 197 ΛΙἿἜΝΙΗΧ.

1372 274 1384 288 e
1405 266 1456 289 rod.
1478 266 1661 294 Bambergensi.

1206 317 1315 342 Deinde
1335 317 1421 341 multa
1441 316 1556 341 castella
1577 316 1649 341 idem
1669 315 1761 341 Attila
1782 324 1905 349 conque—

1135 359 1233 385 liendit
1253 359 1402 392 dissipavit
1422 362 1450 384 et
1470 359 1593 384 incendit
1619 366 1668 383 nee
1689 366 1741 383 non
1762 362 1787 384 et
1808 366 1904 391 appre-

1135 401 1231 427 hendit
1259 402 1441 427 Concordiam
1468 405 1496 427 et
1517 400 1640 427 Altinum
1666 401 1806 429 civitates.
1833 409 1903 434 quae

1135 450 1212 469 erant
1239 445 1346 470 vicinae
1372 444 1500 478 Aquileia
1532 448 1560 469 et
1591 444 1654 470 inde
1686 444 1830 470 venientes
1856 452 1904 476 per

1136 487 1310 513 Yinzentialn
1342 487 1477 513 Veronam
1512 487 1674 518 Pergamum
1712 490 1740 512 et
1776 486 1902 512 Brexiam
1925 493 1936 510 :‚

1137 530 1265 560 (Fi-ixian]
1285 531 1342 561 ⁷11¹„
1369 538 1439 563 quae
1465 534 1528 556 sunt
1554 529 1689 555 Venetiae
1715 530 1846 555 civitates
1871 536 1904 554 ae

1134 576 1161 598 et
1181 581 1230 605 per
1249 573 1319 598 alias
1338 573 1482 598 venientes
1501 573 1632 598 civitates
1645 580 1724 598 nemo
1739 573 1779 597 eis
1792 572 1906 598 resiste—

1134 615 1192 641 bat.
1233 616 1419 641 Mediolanum
1444 623 1553 649 quoque
1577 618 1605 641 et
1624 615 1751 641 Ticinum
1777 614 1906 640 similiter

1134 658 1377 691 depraedaverunt
1406 662 1497 683 tamen
1522 666 1572 684 nec
1598 657 1767 683 occidebant
1790 664 1841 682 nee
1866 657 1906 682 in-

1134 701 1299 726 cendebant.
1345 701 1490 726 venientes
1517 704 1611 726 autem
1634 700 1662 726 in
1685 700 1733 725 illo
1760 700 1830 727 loco.
1858 699 1904 725 ubi

1134 744 1252 769 Mincius
1271 743 1371 770 fluvius
1390 743 1496 769 Padum
1515 744 1610 771 intrat,
1632 746 1724 769 castra
1743 745 1904 776 posuerunt.

1205 787 1333 812 Habebat
1352 790 1443 812 autem
1463 787 1537 812 idem
1550 785 1642 812 Attila
1661 786 1864 812 dubitationem
1878 785 1905 810 in

1134 829 1234 859 animo,
1257 832 1347 855 utrum
1367 821 1476 855 veniret
1490 832 1586 855 contra
1599 830 1714 854 Romam
1733 837 1768 854 an
1787 837 1850 859 non,
1873 828 1907 853 ti-

1134 880 1220 899 mens.
1236 880 1269 897 ne
1281 872 1307 897 ei
1321 872 1450 898 similiter
1463 872 1615 898 accidisset
1628 872 1701 897 sieut
1714 870 1828 897 Alarico
1841 878 1906 903 rege

1135 914 1302 946 Gothorum,
1335 915 1381 948 qui
1407 918 1554 948 postquam
1574 915 1688 940 Romam
1710 913 1903 947 apprehendit,

1135 957 1272 983 modicum
1300 961 1409 990 tempus
1433 958 1513 984 vixit.
1553 958 1616 983 dum
1641 965 1708 984 vero
1730 958 1812 983 istam
1832 956 1907 989 cogi-

1136 1000 1269 1025 tationem
1290 1001 1317 1026 in
1331 1001 1422 1026 animo
1436 1001 1604 1030 revolveret,
1625 1001 1701 1026 venit
1720 1000 1755 1026 ad
1770 1007 1831 1025 eum
1844 1000 1908 1025 mis—

1135 1051 1181 1068 sus
1201 1052 1215 1069 a
1230 1043 1318 1069 Roma
1338 1044 1529 1069 sanctissimus
1550 1044 1606 1069 Leo
1625 1052 1706 1076 papa,
1727 1043 1773 1076 qui
1793 1050 1853 1068 eum
1870 1042 1906 1067 ad

1136 1094 1227 1118 regem
1250 1086 1398 1112 barbarum
1420 1087 1563 1115 intrasset,
1594 1086 1686 1112 omnia
1715 1087 1739 1111 ei
1768 1085 1907 1111 concessit

1137 1129 1211 1162 loqui
1231 1128 1332 1159 Attila,
1360 1130 1433 1155 unde
1453 1137 1513 1155 eum
1532 1130 1606 1155 idem
1625 1129 1682 1155 Leo
1701 1136 1772 1162 papa
1791 1129 1908 1154 iuterro-
1927 1137 1930 1141 ·

1135 1172 1222 1204 gavit.
1260 1172 1305 1197 dei
1319 1180 1436 1205 namque
1449 1175 1592 1205 potestate
1611 1172 1727 1198 territus
1746 1171 1837 1197 fuerat
1856 1170 1908 1197 At-

1137 1214 1187 1240 tila
1212 1218 1240 1239 et
1263 1224 1316 1240 non
1343 1215 1419 1240 aliud
1446 1215 1612 1248 loquebatur
1637 1215 1727 1240 eidem
1747 1222 1835 1248 papae
1854 1214 1906 1239 nisi

1137 1258 1211 1291 quod
1239 1258 1296 1290 ipse
1322 1258 1420 1284 voluit.
1460 1258 1555 1291 itaque
1580 1261 1727 1291 postquam
1752 1258 1811 1290 ipse
1836 1265 1907 1290 papa

1138 1300 1217 1329 abiit,
1234 1301 1477 1333 interrogaverunt
1486 1300 1605 1326 Attilam
1619 1301 1660 1327 sui
1672 1300 1805 1329 lwmines,
1821 1308 1906 1333 quare

1138 1343 1212 1375 quod
1226 1342 1318 1369 facere
1333 1344 1432 1369 solitus
1446 1352 1499 1369 non
1513 1347 1582 1373 erat,
1600 1347 1705 1369 tantam
1719 1343 1906 1369 obedientiam
1928 1351 1931 1355 ·
1945 1356 1950 1365 ;

1137 1385 1282 1412 habuisset
1306 1394 1372 1419 erga
1397 1387 1515 1412 eundem
1539 1395 1647 1419 papam.
1685 1386 1733 1412 ille
1752 1386 1904 1419 respondit,

1136 1429 1209 1461 quod
1235 1437 1288 1454 non
1314 1429 1365 1455 boe
1391 1428 1506 1455 fecisset
1531 1438 1580 1463 pro
1605 1437 1721 1462 persona
1742 1429 1831 1457 illiusy
1861 1429 1906 1462 qui

1136 1476 1260 1498 venerat.
1289 1473 1337 1498 sed
1359 1473 1471 1498 dicebat
1494 1472 1600 1498 vidisse
1625 1480 1654 1497 se
1679 1472 1761 1497 alium
1787 1475 1906 1498 stantem

1136 1514 1214 1539 iuxtav
1233 1522 1293 1540 eum
1314 1516 1340 1540 in
1360 1515 1542 1540 similitudine
1562 1515 1732 1543 sacerdotis,
1759 1515 1805 1548 qui
1832 1518 1908 1540 tene-

1136 1557 1184 1582 bat
1203 1558 1380 1589 evaginatum
1402 1558 1526 1590 gladium
1546 1561 1574 1583 et
1593 1558 1759 1583 terribiliter
1778 1558 1802 1583 ei
1823 1558 1907 1582 mina-

1136 1600 1225 1627 batur,
1247 1601 1270 1626 si
1289 1608 1343 1625 non
1363 1601 1454 1626 omnia
1474 1600 1633 1633 compleret.

1205 1813 1272 1839 Post
1293 1814 1359 1839 baec
1379 1813 1471 1840 Attila
1491 1814 1539 1840 tali
1559 1814 1640 1839 modo
1660 1822 1803 1847 repressus
1822 1823 1837 1840 a
1856 1822 1905 1839 sua

1136 1857 1303 1882 erudelitate
1324 1857 1411 1883 exivit
1432 1858 1466 1883 de
1481 1858 1561 1883 Italia
1582 1861 1610 1883 et
1629 1857 1713 1883 rediit
1726 1857 1903 1882 Pannoniam.

1137 1899 1259 1924 babebat
1284 1904 1375 1925 autem
1396 1900 1607 1926 Valentinianus
1632 1900 1759 1933 princeps
1784 1908 1904 1925 sororem

1136 1942 1244 1967 nomine.
1264 1942 1423 1971 llonoriam,
1451 1951 1532 1976 quam
1552 1943 1674 1968 habe-bat
1693 1943 1745 1968 sub
1767 1942 1902 1971 custodia,

1136 1988 1166 2009 ut
1185 1992 1238 2009 non
1258 1984 1417 2011 fornic-aret.
1456 1989 1522 2011 tune
1547 1986 1656 2011 occulte
1680 1986 1783 2011 direxit
1801 1989 1906 2010 castra-

1136 2030 1192 2052 tmn
1213 2035 1290 2052 suum
1315 2028 1350 2053 ad
1376 2029 1550 2061 praedictum
1569 2027 1686 2054 Attilam
1712 2031 1740 2053 et
1764 2028 1906 2054 mandavit

1137 2070 1171 2099 ei,
1194 2074 1223 2095 ut
1243 2078 1301 2095 eam
1321 2074 1431 2102 peteret
1450 2071 1504 2097 sibi
1523 2071 1558 2097 ad
1579 2079 1700 2097 uxorem.
1739 2071 1835 2096 audito
1854 2070 1905 2095 boe

1138 2113 1237 2137 nuncio
1256 2112 1357 2139 Attila.
1385 2114 1449 2147 quia¹
1474 2114 1526 2139 iam
1550 2114 1656 2139 exierat
1675 2114 1710 2139 de
1729 2113 1831 2139 finibus
1850 2114 1907 2138 lta-

1137 2155 1189 2179 liae
1209 2164 1259 2180 nec
1279 2160 1392 2189 propter
1411 2156 1603 2189 fatigationem
1622 2157 1717 2189 populi
1736 2156 1777 2182 sui
1795 2158 1905 2189 poterat

1136 2202 1276 2223 revertere
1302 2199 1404 2225 reverti
1419 2200 1475 2229 ιη’-’1,
1491 2199 1634 2225 mandavit
1648 2199 1844 2225 Valentiniano
1856 2199 1906 2224 1111-

1136 2241 1257 2273 peratori
1279 2242 1418 2270 minando,
1440 2242 1504 2275 quia
1523 2242 1575 2267 nisi
1595 2242 1619 2267 ei
1638 2250 1715 2268 suam
1729 2249 1849 2267 sororem
1864 2241 1906 2267 di-

1473 2471 1484 2487 t»
1506 2467 1638 2488 uizentiani
1676 2464 1685 2496 Η
1721 2466 1828 2487 brexiam
1850 2472 1903 2494 per-

1194 2513 1219 2531 12
1246 2509 1270 2530 in
1294 2509 1374 2530 animo
1400 2516 1443 2530 suo
1479 2506 1488 2539 Η
1528 2513 1553 2531 ta
1581 2506 1677 2540 utrum]
1701 2509 1721 2530 si
1757 2506 1766 2539 Η
1801 2508 1903 2530 timebat

1583 2555 1608 2573 lx
1630 2551 1800 2573 sanctissimus
1819 2558 1865 2573 om.
1895 2548 1904 2582 Η

1255 2596 1280 2616 21
1304 2596 1360 2615 «mle
1379 2594 1448 2616 attila
1467 2593 1523 2616 add.
1545 2594 1611 2616 idem
1646 2591 1655 2624 Η
1692 2597 1720 2616 23
1743 2593 1860 2615 uoluisset
1894 2591 1903 2624 Η

1202 2644 1226 2658 se
1246 2636 1322 2658 alium
1341 2643 1386 2658 orn.
1425 2635 1434 2667 Η
1471 2640 1499 2658 211
1526 2636 1718 2658 similitudinem
1738 2642 1756 2658 s.
1778 2636 1901 2658 hominem

1438 2684 1466 2700 :za
1491 2679 1520 2700 ad
1540 2678 1687 2707 pannoniam
1723 2676 1732 2708 Η
1768 2682 1794 2700 :il
1818 2678 1903 2700 ualen-

1228 2727 1256 2742 ;11;
1277 2720 1381 2751 occulte]
1404 2721 1520 2743 absconse
1555 2719 1564 2751 Η
1599 2724 1706 2743 castrum
1742 2719 1751 2751 Η
1788 2725 1815 2742 ῑιῖ
1837 2720 1901 2749 apud

1501 2769 1529 2786 :sn
1551 2764 1634 2786 nuntio
1663 2761 1672 2793 Η
1702 2764 1743 2792 qui
1774 2761 1783 2794 Η
1813 2764 1901 2785 1115111

1929 707 1954 725 lo

1928 1566 1956 1582 :50

1925 2162 1954 2181 411
