2023 3093
245 461 274 491 Il

230 973 277 1003 III

209 1434 272 1466 1111

299 162 358 190 2⁰5
973 158 1126 184 l’Avm's.
1166 158 1227 184 ΧΥ.

300 255 428 296 patricio
446 254 600 285 Ricimere
625 256 792 294 superatus
816 263 877 283 non
901 253 994 292 longe
1017 263 1034 283 a
1052 253 1206 293 Pergamo
1230 252 1355 283 civitate
1372 252 1523 283 Venetiae
1548 256 1641 291 atque
1665 251 1821 283 extinctus
1846 255 1903 282 cst.

299 309 435 338 Severus
460 315 533 336 roro
557 314 627 335 cum
652 308 797 343 quattuor
820 304 911 335 annis
935 303 1131 344 imperasset.
1159 307 1288 335 mortem
1313 303 1470 344 propriam
1493 303 1579 344 apud
1602 303 1710 334 urbem
1734 301 1888 333 occubuit.

385 357 502 388 Eodem
526 361 666 396 tempore
690 364 817 396 egresso
841 354 1001 396 inopinate
1025 354 1091 395 igni
1115 365 1231 395 magna
1248 354 1535 395 Constantinopolis
1559 353 1686 385 aedium
1710 356 1816 393 strage
1840 362 1908 384 cre-

299 412 382 440 mata
405 412 462 439 est.

384 459 505 491 Dehinc
529 458 625 490 totius
649 467 803 489 consensu
819 457 951 488 militiae
967 460 1037 498 post
1053 457 1163 488 severi
1179 461 1310 488 mortem
1326 456 1396 488 iura
1411 456 1535 497 imperii
1551 455 1738 487 Anthemius
1755 455 1903 496 suscepit.

384 510 535 550 Sequenti
558 520 640 540 anno
663 508 847 540 Servandus
871 508 1048 539 Galliarum
1073 508 1252 549 praefectus
1276 508 1440 548 imperium
1464 511 1622 548 temptans
1644 506 1796 538 invadere
1819 505 1907 537 iussu

297 562 457 594 Anthemii
483 561 632 602 principis
654 560 687 591 in
711 559 841 591 exilium
864 563 968 590 trusus
992 563 1051 590 est.

383 613 503 644 Rursus
526 611 633 643 annali
658 620 785 642 emenso
809 610 909 651 spatio
927 610 1086 641 Romanus
1110 610 1260 651 patricius
1276 608 1508 649 imperatoriam
1525 608 1742 640 fraudulenter
1758 611 1908 647 satagens

296 665 434 705 arripere
459 663 646 704 dignitatem
670 662 883 703 praecipiente
907 661 1075 692 Anthemio
1099 660 1202 701 eapite
1226 669 1339 691 caesus
1362 663 1420 691 est.

382 715 439 746 His
463 724 587 754 quoque
610 714 722 745 diebus
746 712 928 743 Geisericus
952 712 1064 743 iterum
1087 711 1129 742 ad
1152 711 1277 742 Italiam
1302 710 1436 741 navibus
1459 710 1631 742 adventare
1654 710 1785 751 cupiens
1807 720 1825 740 a
1845 709 1908 740 Ba—

297 767 402 798 silisco
428 766 558 807 patricio
582 765 687 796 navali
712 768 880 805 superatus
904 763 1074 794 certamine
1099 762 1324 802 Carthaginem
1347 761 1502 802 inglorius
1526 761 1700 802 repedavit.

383 819 423 849 At
447 828 520 849 vero
543 817 575 848 in
599 816 737 847 Orientis
760 815 902 856 partibus
925 815 1028 855 Aspar
1050 813 1202 854 patricius
1226 813 1323 845 Leoni
1339 813 1482 853 Augusto
1505 812 1638 844 insidias
1661 812 1794 843 moliens
1818 820 1907 842 sumn

296 870 395 900 tilium
420 870 589 900 Caesarem
620 867 735 898 effecit.
785 867 847 897 Leo
878 865 1027 896 victorem
1058 865 1229 896 exercitum
1259 864 1365 896 statim
1395 874 1434 895 ex
1458 864 1568 895 Sicilia
1595 872 1730 895 evocans
1754 863 1907 903 Asparem

296 920 463 962 patricium
487 930 556 950 cum
580 918 705 949 novello
722 918 861 948 Caesare
884 916 949 947 tilio
973 916 1099 956 alioque
1123 916 1191 947 eius
1214 926 1364 956 germano
1388 915 1485 955 digno
1508 915 1592 946 vitae
1609 914 1755 945 multavit
1770 913 1905 944 excidio.

384 972 450 1002 Hoc
481 970 616 1009 denique
646 969 714 1009 ipso
744 969 776 999 in
803 971 943 1008 tempore
966 967 1046 998 inter
1069 967 1272 998 Anthemium
1296 966 1470 1007 principem
1494 966 1625 1005 eiusque
1649 975 1800 1005 generum
1824 963 1910 995 Rici-

296 1033 413 1054 merem
437 1021 601 1063 patricium
633 1020 685 1060 qui
716 1023 790 1051 tunc
814 1018 983 1050 Mediolani
1007 1018 1128 1059 positus
1151 1021 1297 1059 praeerat
1320 1017 1486 1057 Liguriae,
1520 1026 1655 1057 magnus
1679 1015 1907 1048 discordiarum

296 1074 396 1106 fomes
420 1077 546 1104 exortus
570 1075 626 1103 est.
654 1071 770 1111 quibus
794 1080 827 1101 se
851 1069 899 1100 vir
922 1069 1089 1100 sanctitate
1113 1069 1300 1109 conspicuus
1318 1068 1516 1109 Epiphanius
1539 1068 1718 1099 Ticinensis
1742 1067 1908 1108 episcopus

296 1126 499 1165 interponens
529 1133 582 1155 eos
612 1122 746 1164 primum
777 1121 819 1152 ad
850 1120 1048 1152 concordiam
1079 1120 1248 1152 revocavit.
1296 1119 1412 1151 deinde
1442 1119 1608 1150 barbarica
1638 1118 1772 1160 perfidia
1794 1117 1908 1149 foedus

296 1177 433 1208 Ricimer
455 1175 639 1215 inrumpens
662 1191 701 1195 —
726 1177 793 1204 erat
817 1172 939 1204 Gothus
962 1172 1111 1213 prosapia
1133 1191 1174 1194 —
1205 1182 1275 1203 cum
1302 1181 1397 1202 manu
1421 1181 1493 1202 mox
1516 1170 1623 1201 valida
1647 1171 1755 1202 urbem
1779 1173 1909 1201 eonten—

296 1227 342 1259 dit
364 1231 458 1267 atque
481 1225 567 1267 apud
584 1224 745 1256 Anicionis
768 1228 895 1265 pontem
919 1227 1023 1254 castra
1045 1223 1230 1264 composuit.
1275 1222 1380 1253 divisa
1402 1222 1509 1262 itaque
1533 1222 1629 1252 Roma
1655 1225 1703 1253 est
1725 1225 1756 1252 et
1778 1220 1906 1261 quidam
1926 1231 1932 1236 ·

295 1279 446 1310 favebant
468 1276 646 1313 Anthemio,
673 1275 802 1316 quidam
825 1285 899 1305 vero
924 1274 1088 1305 Rieimeris
1112 1273 1276 1315 perfidiam
1301 1273 1524 1313 sequebantur.

380 1330 466 1360 Inter
489 1329 567 1359 haee
590 1326 730 1358 Olibrius
753 1337 771 1357 a
796 1326 901 1357 Leone
924 1326 1068 1365 Augusto
1100 1325 1215 1355 missus
1243 1324 1283 1355 ad
1315 1324 1423 1355 urbem
1447 1323 1534 1354 venit
1557 1323 1689 1363 vivoque
1714 1323 1818 1354 adhuc
1842 1322 1908 1353 An-

296 1380 413 1412 themio
436 1380 556 1420 regiam
580 1378 715 1419 adeptus
739 1382 787 1409 est
810 1380 1008 1418 potestatem.

380 1432 512 1462 Bilimer
528 1429 705 1460 Galliarum
722 1432 822 1459 rector
838 1428 963 1468 cognita
980 1427 1134 1459 adversus
1147 1427 1349 1458 Anthemium
1363 1426 1593 1467 conspiratione
1609 1425 1773 1456 Rieimeris
1786 1424 1908 1456 Anthe-

296 1483 358 1514 mio
374 1483 456 1514 ferre
473 1480 667 1522 praesidium
683 1480 814 1520 cupiens
831 1479 962 1510 Romam
978 1478 1170 1519 properauit.
1204 1478 1232 1509 is
1249 1488 1318 1509 cum
1336 1477 1492 1509 Ricimere
1508 1476 1594 1518 apud
1609 1476 1763 1507 Hadriani
1781 1479 1906 1517 pontem
1945 1484 1953 1487 ·

299 1534 453 1575 proelium
479 1532 677 1563 committens
701 1530 847 1562 continuo
871 1531 910 1561 ah
931 1540 967 1561 eo
984 1532 1150 1570 superatus
1167 1532 1260 1569 atque
1277 1528 1401 1560 occisus
1417 1531 1476 1559 est.
1517 1528 1653 1559 extincto
1670 1527 1819 1558 Bilimere
1835 1536 1907 1557 mox

382 1613 413 1641 vs.
438 1612 578 1635 ,ΝΛΜ-811111.
600 1618 621 1632 s.
642 1617 666 1632 o.
687 1612 749 1632 6115:
770 1607 1027 1640 Constantinopolis
1046 1614 1145 1637 magno
1164 1607 1259 1631 invasa
1280 1605 1409 1631 inccndio
1429 1605 1556 1638 facieque
1576 1603 1689 1630 foedata
1708 1604 1861 1637 deplanxit.

299 1654 334 1679 ΙΙ,
385 1656 417 1684 ιγ’.
436 1655 498 1677 [ιιι-(1.
518 1654 572 1677 Get.
589 1656 635 1675 6:55
656 1652 775 1677 Severus
791 1670 796 1674 .
814 1670 818 1674 .
840 1650 919 1676 obiit.
953 1650 1027 1683 quod
1046 1656 1162 1675 cernens
1175 1649 1230 1674 Leo
1247 1668 1251 1672 .
1269 1668 1273 1673 .
1293 1669 1298 1673 .
1319 1647 1496 1673 Anthemium
1515 1647 1661 1681 patricium
1681 1655 1758 1672 snum
1778 1647 1909 1672 ordinans

382 1697 485 1721 Romae
505 1695 656 1728 principem
675 1694 837 1719 destinavit.
878 1694 946 1717 Rom.
968 1696 1033 1717 259:
1063 1692 1119 1717 Leo
1138 1690 1315 1717 Anthemium
1339 1711 1343 1715 .
1367 1711 1371 1715 .
1395 1710 1400 1714 .
1422 1698 1455 1716 ex
1475 1690 1593 1723 patricio
1612 1689 1757 1715 Caesarem
1777 1689 1909 1715 ordinans

383 1739 486 1764 Romae
506 1739 532 1763 in
547 1737 661 1770 imperio
674 1736 828 1762 destinavit
843 1756 848 1759 .
867 1757 871 1760 .
889 1756 893 1760 .
916 1735 1053 1768 Asparem
1067 1738 1159 1760 autem
1173 1734 1319 1767 patricium
1334 1741 1393 1759 eum
1408 1733 1472 1759 filiis
1486 1732 1635 1758 Ardabure
1648 1735 1677 1758 et
1690 1732 1841 1758 Patriciolo
1856 1752 1861 1756 .
1878 1750 1884 1756 .
1901 1751 1906 1756 .

383 1783 409 1807 in
429 1781 533 1815 palatio
554 1780 714 1806 trucidavit.
756 1780 869 1803 Cassiod.
890 1787 910 1803 s.
932 1786 956 1802 (1.
977 1782 1040 1802 469:
1060 1775 1230 1803 Arabundus
1249 1777 1391 1810 imperium
1411 1778 1549 1809 temptans
1568 1776 1644 1801 iussu
1663 1774 1805 1801 Anthemii
1824 1774 1909 1800 exilio

382 1824 555 1857 deportatur.
588 1832 608 1847 s.
625 1831 650 1846 ιι.
666 1825 730 1846 470:
752 1822 892 1847 Romanus
911 1821 1045 1854 patricius
1064 1820 1198 1845 affectans
1217 1819 1360 1853 imperium
1380 1818 1538 1852 capitaliter
1558 1821 1600 1844 est
1613 1818 1734 1850 punitus.
1766 1826 1786 1841 r.
1803 1826 1827 1841 (1.
1844 1820 1908 1841 471:

382 1866 622 1899 Constantinopoli
643 1865 790 1891 affectator
809 1864 964 1898 tyrannidis
984 1872 999 1889 a
1019 1864 1111 1888 Leone
1131 1863 1255 1896 principe
1274 1861 1366 1895 Aspar
1384 1861 1531 1887 occiditur.

297 1909 346 1935 III.
382 1911 414 1940 ιγ’.
430 1911 527 1934 ΙζιιιιοιΙ.
541 1911 583 1933 rit.
598 1910 823 1938 Epiphan.11.57¹2
834 1909 910 1931 Sirra.
923 1916 928 1930 :
943 1914 1005 1931 nam
1016 1906 1183 1938 imperatore
1193 1905 1297 1930 Romae
1308 1905 1400 1937 posito
1410 1904 1585 1929 seminarium
1597 1904 1725 1929 intereos
1742 1904 1908 1933 (.·lnllze»1ium

383 1956 404 1976 ρ(
427 1954 582 1981 loricam-em)
612 1951 678 1976 iecit
700 1949 824 1975 scandali
844 1949 893 1974 illa
913 1956 983 1982 quae
1002 1948 1176 1974 dominantes
1195 1950 1352 1980 sequestrat
1372 1946 1475 1972 invidia
1496 1949 1524 1972 et
1542 1954 1591 1979 par
1611 1945 1732 1978 dignitas
1751 1952 1836 1970 causa
1855 1944 1911 1970 dis-

384 1995 510 2020 cordiae:
533 1996 691 2019 surrexerat
710 1993 781 2018 enim
801 1995 879 2018 tanta
898 1991 990 2017 rabies
1009 1994 1093 2024 atque
1113 1991 1260 2018 dissensio,
1283 1993 1313 2015 ut
1332 1992 1426 2014 mutuo
1446 1988 1522 2014 bella
1534 1990 1731 2021 praepararent
1745 1990 1773 2013 et
1788 1989 1898 2020 praeter

384 2045 464 2070 quam
483 2037 561 2067 origo
580 2037 679 2062 irarum
700 2035 827 2068 proprios
846 2034 1014 2066 suggerebat
1034 2033 1170 2060 stimulos.
1192 2033 1225 2058 lis
1245 2033 1298 2058 ista
1312 2032 1549 2057 circumstantium
1562 2031 1678 2056 consilio
1691 2030 1884 2056 nutriebatur.
1903 2050 1907 2054 .

387 2083 425 2110 (p.
441 2083 497 2109 δῖα)
516 2080 620 2105 interea
632 2079 706 2111 apud
718 2078 889 2103 Ricemerem
903 2077 1048 2110 patricium
1062 2076 1211 2102 Mediolani
1226 2083 1256 2101 ea
1272 2077 1438 2108 tempestate
1452 2074 1619 2100 residentem
1635 2094 1640 2099 .
1657 2094 1662 2098 .
1679 2094 1684 2099 .
1710 2075 1746 2103 (p.
1761 2076 1821 2104 574)
1837 2082 1911 2100 man-

383 2123 449 2148 dato
469 2130 534 2154 ergo
554 2121 606 2147 sibi
621 2121 770 2153 legationis
783 2120 879 2145 ordine
893 2120 1007 2145 Romam
1021 2119 1103 2152 petiit
1118 2120 1295 2149 (Epiphanius)
1313 2138 1318 2142 .
1336 2138 1341 2143 .
1364 2120 1402 2147 (p.
1417 2119 1476 2147 578)
1492 2119 1608 2149 accepto
1627 2116 1711 2141 etiam
1730 2124 1779 2149 pro
1799 2124 1912 2142 coneor—

385 2165 447 2190 diae
467 2164 597 2190 firmitate
617 2164 652 2189 ab
666 2163 816 2189 Anthemio
831 2166 1004 2188 sacramento
1028 2165 1063 2192 (p.
1077 2163 1135 2192 57⁹)
1151 2161 1283 2187 discessit
1302 2159 1437 2186 festinans
1450 2160 1485 2185 ad
1499 2159 1638 2191 Liguriam
1652 2159 1755 2184 reverti
1770 2178 1775 2183 .
1792 2178 1797 2184 .
1819 2159 1910 2185 laetae

384 2208 460 2233 urbis
480 2207 602 2239 tripudia
621 2206 740 2232 attonito
760 2206 897 2231 Ricemeri
917 2205 1089 2235 indicantur,
1110 2211 1206 2237 pacem
1226 2203 1328 2229 factam
1348 2210 1469 2228 consono
1489 2209 1583 2227 omnes
1601 2209 1648 2227 ore
1668 2201 1857 2228 clamitabant.

300 2251 364 2276 IIII.
386 2252 418 2281 vs.
443 2252 555 2275 Cassiod.
576 2258 596 2274 s.
613 2258 637 2274 a.
654 2252 717 2274 472:
738 2249 872 2282 patricius
886 2248 1008 2273 Ricimer
1020 2248 1124 2273 Romae
1138 2246 1212 2272 facto
1226 2247 1392 2279 imperatore
1406 2245 1521 2278 Olybrio
1534 2243 1712 2270 Anthemium
1726 2247 1822 2270 contra
1835 2252 1912 2271 reve-

385 2293 500 2318 rentiam
521 2292 653 2325 principis
673 2295 699 2317 et
719 2292 761 2317 ius
781 2290 934 2317 adfinitatis
953 2298 1013 2315 eum
1033 2289 1110 2321 gravi
1131 2289 1211 2314 clade
1231 2288 1354 2314 civitatis
1373 2287 1523 2319 extinguit:
1546 2287 1592 2320 qui
1611 2294 1665 2312 non
1679 2286 1784 2312 diutius
1796 2290 1910 2320 peraeto

385 2336 490 2361 scolere
509 2335 645 2365 gloriatus
664 2337 727 2367 post
747 2340 783 2358 XL
803 2333 863 2358 dies
883 2332 1031 2358 defunctus
1051 2335 1102 2357 est.
1134 2333 1255 2361 pleraque
1274 2332 1318 2354 hor
1337 2333 1418 2361 rapite
1436 2333 1545 2354 'nari-ala
1566 2338 1581 2353 a
1594 2331 1662 2353 nullo
1676 2331 1725 2353 ulio
1739 2333 1842 2355 ‹ruz-tore
1855 2333 1911 2354 tra-

387 2381 437 2402 tlim
458 2380 585 2402 hahemus.

305 2452 310 2470 1
335 2448 440 2477 patrocio
458 2448 475 2469 Υ
501 2446 509 2477 Η
537 2446 595 2478 non]
611 2454 640 2469 no
654 2447 679 2468 ll
704 2445 713 2477 Η
739 2447 851 2474 bergamo
865 2444 968 2467 Hi'NlL
996 2443 1005 2474 Η
1032 2445 1133 2466 ciuitate
1147 2446 1184 2466 est
1202 2442 1238 2470 V',
1255 2443 1356 2465 ciuitate
1374 2441 1408 2464 Γ]
1433 2440 1443 2472 Η
1470 2446 1482 2464 2
1497 2444 1573 2464 morte
1586 2441 1682 2471 propria
1696 2440 1762 2463 NZB
1788 2440 1797 2472 Η
1827 2447 1839 2464 3
1854 2448 1912 2465 con-

335 2490 520 2519 stantinopolim
535 2490 554 2511 L
572 2488 580 2520 Η
599 2492 731 2512 recremata
749 2487 785 2516 ῘῚ,
801 2490 951 2510 concremata
971 2486 1004 2507 Γ]
1030 2485 1039 2517 Η
1068 2492 1079 2508 Γ»
1094 2493 1216 2509 consensu
1230 2485 1306 2508 totius
1320 2485 1340 2507 Β
1358 2483 1367 2515 [Ι
1385 2489 1461 2507 morte
1479 2483 1529 2506 1'11.
1556 2481 1565 2514 Η
1593 2489 1605 2505 ⁴5
1620 2486 1723 2513 temptat
1738 2484 1757 2505 V
1772 2482 1782 2515 Η
1800 2484 1852 2507 iuss
1864 2484 1886 2506 B
1903 2482 1912 2515 Η

339 2540 349 2553 s
366 2539 461 2554 rursum
482 2532 499 2553 l'
515 2530 524 2563 Η
541 2532 639 2554 annalia
657 2531 683 2553 1'1
702 2530 711 2561 Η
731 2532 842 2553 dimenso
856 2530 875 2552 L
899 2528 908 2561 Η
932 2530 1025 2559 patrius
1039 2528 1068 2551 M
1093 2527 1102 2559 Η
1126 2529 1222 2558 imperii
1236 2529 1283 2550 iam
1297 2528 1316 2550 L
1341 2525 1350 2558 Η
1375 2533 1387 2548 u
1401 2524 1558 2558 dignitatem]
1572 2526 1714 2554 dignantem
1732 2526 1752 2547 V
1767 2524 1777 2557 Η
1793 2526 1912 2549 anthimio

337 2575 362 2596 ll
377 2573 386 2605 Η
408 2579 434 2597 lo
450 2575 548 2597 basilico
562 2575 583 2596 15
605 2573 614 2605 Η
643 2578 665 2597 11
682 2574 805 2602 cartagine
823 2573 842 2595 Υ
858 2570 868 2603 Η
885 2573 999 2601 inglorios
1014 2571 1052 2599 Nl,
1071 2572 1216 2599 ingloriosus
1231 2570 1289 2592 N2Z
1312 2568 1321 2601 Η
1349 2574 1375 2592 12
1391 2570 1510 2592 insidians
1523 2568 1580 2591 HL1
1604 2566 1613 2599 Η
1640 2573 1666 2591 13
1682 2569 1741 2591 fecit
1754 2568 1774 2590 L
1791 2566 1801 2599 Η
1818 2569 1911 2592 uictore

342 2618 359 2638 i·
377 2616 385 2647 Η
404 2624 493 2639 notans
509 2616 586 2638 l'RJIl
605 2616 614 2647 Η
631 2624 754 2646 asparcem
766 2616 816 2639 ΝΖ,
832 2618 953 2645 aspar-tem
966 2614 999 2636 31¹
1019 2612 1028 2645 Η
1050 2618 1074 2637 11
1091 2614 1163 2636 exdio
1175 2613 1205 2635 Nl
1223 2611 1232 2644 Η
1256 2617 1281 2635 1.·.
1297 2614 1350 2642 ipse
1362 2612 1382 2634 B
1399 2611 1408 2644 Η
1427 2613 1537 2635 ricimere
1551 2612 1577 2640 Γ,
1591 2612 1744 2634 rincimerem
1756 2611 1783 2633 Μ
1798 2610 1807 2642 Η
1828 2616 1854 2634 17
1870 2619 1913 2635 ex-

337 2664 414 2681 tortus
431 2659 448 2681 L
472 2658 481 2689 Η
505 2660 644 2682 ticiniensis
658 2659 677 2681 L
705 2658 714 2690 Η
745 2663 770 2681 ικ
786 2659 880 2687 primns
894 2657 929 2679 Ml
957 2655 966 2687 Η
993 2657 1021 2679 ad
1040 2656 1190 2679 concordiam
1203 2656 1310 2685 primum
1324 2655 1345 2677 B
1371 2653 1380 2686 Η
1410 2659 1437 2677 ia
1452 2657 1503 2677 erat
1516 2661 1562 2677 om.
1578 2652 1618 2681 N¹‚
1634 2654 1763 2676 eratenim
1777 2652 1886 2676 A'2ZML
1904 2653 1913 2684 Η

339 2706 367 2724 lo
382 2702 492 2723 ann-onis
506 2702 525 2724 L
555 2700 563 2732 Η
595 2706 620 2724 21
639 2709 696 2724 uero
709 2708 755 2724 0111.
773 2700 801 2723 Ζι
832 2700 841 2731 Η
872 2704 900 2723 22
915 2701 980 2723 inter
992 2698 1063 2731 haec]
1077 2699 1175 2722 iuterim
1189 2697 1232 2720 M‘-y
1257 2696 1267 2730 Η
1294 2702 1414 2724 augustus
1428 2697 1449 2719 B
1476 2695 1485 2727 Η
1513 2701 1541 2720 23
1557 2699 1702 2726 potestatem
1715 2703 1761 2719 om.
1778 2696 1817 2725 2¹,
1833 2697 1913 2725 digni-

339 2748 413 2765 tatem
428 2744 480 2765 NZJ
497 2744 506 2774 Η
527 2749 554 2767 ·.·1
570 2745 702 2771 gallearum
717 2744 743 2766 M
759 2743 768 2774 Η
788 2748 852 2766 recto
870 2743 889 2765 Υ
905 2741 913 2773 Η
932 2742 1063 2765 aduersum
1079 2741 1096 2763 L
1115 2740 1124 2771 Η
1144 2746 1173 2764 215·
1188 2740 1309 2770 pracsidio
1325 2740 1343 2762 L
1361 2739 1370 2770 Η
1395 2744 1424 2762 21.
1439 2740 1601 2762 continuo-
1614 2739 1707 2761 occisus
1720 2742 1758 2761 est
1771 2746 1818 2762 om.
1835 2739 1885 2761 ΝΖ1
1904 2738 1913 2770 Η

340 2792 437 2815 peruius
452 2787 474 2808 ll

1930 716 1959 739 10

1931 972 1960 995 15
